2450 4009
422 368 502 428 LIB.
516 368 556 427 11.
576 365 669 427 FAB.
681 368 723 427 11.

95 514 188 572 Unde
202 514 277 570 solet
289 511 355 570 latis
367 512 457 571 nubes
470 513 608 571 inducere
620 512 717 580 terrim

96 606 188 663 Unde
200 617 301 661 movet
313 592 454 674 tonitrua,¹
462 605 629 681 vibrataque
641 604 767 665 fulmina
776 604 873 685 jaciat.

97 698 157 755 Sed
173 716 279 771 neque,
293 716 366 772 quae
380 712 480 772 posset
493 698 579 757 terris
594 697 736 758 inducere
748 698 851 766 nubes,

97 788 189 845 Tunc
204 788 312 857 habaiu
333 806 397 856 nec,
410 808 483 863 quos
496 792 572 849 coelo
584 788 756 857 dimitteret,
768 788 888 847 imbres.

95 881 226 949 Intonat
245 891 273 938 et
286 882 391 939 dextra
403 881 540 941 libratum
554 880 663 941 fulmen
677 884 713 939 ab
725 897 796 939 aure

96 972 188 1030 Misit
200 972 229 1029 in
242 973 386 1049 aurigam:
407 972 573 1049 pariterque
586 974 743 1050 animaque
757 974 887 1051 tutisque
901 994 905 1000 ·

97 1063 234 1139 Expulit,
247 1076 276 1123 et
288 1066 373 1124 saevis
388 1066 571 1140 compescuit
584 1066 700 1143 ignibus
712 1068 805 1144 ignes.

97 1157 332 1216 Consternantur
343 1158 424 1233 equi:
445 1172 475 1219 et
487 1161 562 1217 saltu
576 1158 606 1217 in
621 1160 766 1217 contraria
778 1159 855 1219 facto

98 1250 181 1307 Colla
192 1248 266 1329 jugo
278 1249 418 1324 eripiunt,
432 1253 613 1325 abruptaque
626 1252 686 1307 lora
700 1250 879 1325 relinquunt.
940 1242 943 1249 ’

98 1342 162 1399 Illic
177 1342 258 1401 irena
269 1341 378 1419 jacent,
391 1341 452 1401 illic
465 1356 584 1407 temone
598 1344 732 1401 revulsus

100 1434 187 1503 lixis3
207 1434 238 1491 in
253 1438 307 1494 hac
321 1435 392 1495 radii
405 1435 564 1497 fractarum
579 1448 660 1511 parte
674 1447 817 1494 rotarumz

101 1527 265 1605 Sparsaque
278 1540 345 1588 sunt
358 1532 414 1588 late
425 1529 514 1588 laceri
527 1519 652 1606 vestigia
666 1533 780 1589 currus.

102 1624 141 1681 At
153 1606 319 1691 Phaethon,
334 1621 436 1679 rutilos
450 1622 571 1679 flamma
583 1622 741 1695 populante
756 1616 891 1690 capillos,

101 1715 236 1773 Volvitur
248 1712 278 1770 in
293 1730 437 1788 praeceps,
450 1715 597 1789 longoque
610 1728 665 1787 per
677 1715 745 1769 aera
755 1720 850 1769 tractu

102 1806 214 1864 Fertur:
236 1818 270 1865 ut
282 1805 430 1864 interdum
441 1807 477 1863 de
489 1806 564 1865 coeio
577 1806 663 1863 stella
671 1821 785 1871 sereno,

103 1898 163 1958 Etsi
176 1916 235 1959 non
249 1900 362 1968 cecidit,
374 1898 469 1974 potuit
482 1898 624 1957 cecidisse
637 1895 740 1954 rideri.

103 1994 199 2064 Quem
211 1995 315 2066 procul
327 2012 343 2049 a
355 1992 448 2066 patria
459 1990 574 2048 diverso
589 1978 741 2046 maximus
753 1988 824 2045 orbe

104 2083 219 2159 Excipit
232 2084 389 2155 Eridanus,
401 2081 627 2158 spumantiaque
642 2078 733 2141 abluit
744 2098 805 2139 ora.

231 2342 237 2371 ⁴
245 2334 363 2391 Sorores
377 2335 567 2390 Plia'e'tlrcntir
576 2336 608 2387 in
621 2331 758 2387 Ardores.
773 2346 845 2387 ran.
857 2350 895 2387 rr.

137 2456 265 2512 Nainns
279 2452 436 2529 Hesperiae
448 2451 543 2511 trifida
556 2450 699 2509 fumantia
711 2449 832 2507 flamma

104 2545 230 2621 Corpora
239 2546 308 2607 dant
320 2546 446 2605 tumulo:
467 2544 644 2619 signentque
657 2545 714 2598 hoc
726 2540 856 2599 carmine
869 2558 985 2601 mum:

106 2638 155 2693 Hic
166 2641 240 2693 citus
253 2648 296 2693 ert
310 2636 471 2704 Pirithon,
486 2654 591 2692 currat
599 2638 706 2709 auriga
715 2639 848 2703 paterni,-

107 2728 192 2799 Quem
205 2732 301 2784 sinon
316 2734 417 2799 tenuit,
432 2733 544 2801 magnis
557 2742 650 2785 tamen
663 2730 775 2784 excidit
785 2733 875 2786 auur.

104 2818 179 2878 Nam
193 2832 275 2895 pater
288 2823 426 2880 obductos
439 2824 521 2881 luctu
536 2820 713 2880 miserabilia
726 2838 808 2893 aegro
832 2830 837 2837 ’

105 2912 275 2981 Condiderat
287 2916 397 2970 vultus:
418 2925 457 2979 et,
470 2911 495 2968 si
508 2914 597 2969 modo
609 2912 770 2975 credimus,
780 2926 876 2967 unum

104 2995 163 3089 ψ
176 3004 296 3062 diem'
273 3022 336 3061 sme
350 3000 803 3061 soleferunt.1ncendialumen

103 3094 279 3165 Praebebant3
299 3101 458 3169 aliquisque
471 3101 543 3153 malo
549 3097 617 3167 fuit
630 3114 701 3151 aaut
712 3097 743 3151 in
757 3098 815 3152 illc.

103 3189 148 3245 At·
154 3189 309 3263 Clymene,
321 3202 476 3264 postquam
489 3188 572 3257 dixit,
584 3207 772 3265 quaecunque
784 3189 904 3248 fuerunt

104 3279 136 3335 In
147 3272 239 3339 tantis
248 3280 374 3339 dicenda
386 3283 483 3350 malim
504 3281 637 3358 lugubris
650 3294 679 3340 et
693 3299 804 3350 aureus,

103 3372 140 3429 Et
151 3373 256 3431 laniata
266 3376 347 3431 sinus
360 3383 454 3431 totum
467 3375 635 3448 percensuit
647 3378 759 3433 orbem:

103 3465 318 3540 Exanim'esque
332 3476 412 3524 artua
426 3468 531 3540 primo,
544 3486 616 3535 mox
628 3486 695 3525 ossa
708 3463 870 3538 requirens,
887 3488 890 3493 ’

105 3556 241 3634 Repperit
253 3577 328 3627 ossa,
341 3569 438 3618 tamen
453 3561 607 3635 peregrina
619 3558 735 3617 condita
747 3555 820 3627 ripa.

105 3651 293 3735 Incubuitque
306 3652 383 3711 ioco:
402 3650 613 3727 nomenquein
628 3665 778 3709 marmore
791 3646 903 3702 lectum
