2450 4009
330 767 908 905 *sid'rnnrnnrunsaou
1004 766 1007 772 ’

501 972 654 1067 'ursan
676 1010 717 1067 11.

426 1228 430 1233 '
472 1218 637 1285 Pha'e'rlron.
657 1237 730 1278 rsa.
745 1220 771 1277 ιζ

159 1313 311 1429 anln
325 1343 396 1404 solis
410 1349 665 1408 erat-sublimibus
679 1353 739 1407 alta
748 1352 906 1423 columnis,

159 1440 248 1497 Clara
262 1439 389 1497 micante
404 1457 485 1508 auro,
498 1441 696 1517 flammasque
710 1442 844 1501 imitante
858 1462 981 1520 pyrop0=
1017 1443 1022 1452 '

123 1549 126 1561 ¹
159 1532 256 1609 Cujus
270 1532 345 1589 ebur
359 1530 487 1590 nitidum
500 1532 619 1609 fastigia
633 1553 753 1593 summa
762 1536 890 1593 tenebat:

158 1624 290 1701 Argenti
302 1624 412 1681 bifores
425 1624 577 1683 ‘radiabant
589 1625 704 1684 lumine
719 1629 820 1684 valvae.

87 1778 89 1783 ,
160 1716 322 1774 Materiam
337 1720 492 1788 superabat
506 1736 592 1790 opus.
613 1719 694 1774 Nam
710 1719 862 1775 Mulciber
874 1718 938 1776 illic

160 1808 289 1881 AEquora
302 1810 421 1865 caelarat
436 1808 550 1864 medias
565 1807 715 1882 cingentia
728 1821 833 1877 terras,

81 1946 87 1959 .
160 1901 386 1973 Terrarumque
399 1900 514 1969 orbem,
528 1902 698 1976 coelumque
714 1903 793 1975 quod
804 1901 942 1961 imminet
955 1904 1027 1961 orbi.

5 1976 7 2007 ³
112 2022 136 2056 ,-
160 1994 317 2051 Caeruleos
329 1994 416 2049 babet
431 1994 508 2067 unda
522 1992 618 2062 Deos;
640 1994 764 2053 Tritona
777 2012 929 2063 canorum,
1024 2007 1032 2021 ”

160 2086 326 2157 Proteaque
340 2086 524 2157 ambiguum,
541 2088 784 2160 balaenarumque
798 2102 988 2162 prementem

159 2176 302 2250 AEgaeona
315 2174 376 2232 suis
389 2174 530 2232 immania
542 2187 628 2251 terga
641 2165 772 2245 iacentis3
904 2182 906 2186 ’

118 2277 124 2288 ’
159 2268 343 2345 Doridaque,
357 2279 387 2325 et
399 2254 492 2325 natas:
515 2286 644 2343 quarum
658 2288 728 2345 pars
739 2288 809 2327 nare
821 2272 967 2343 videntur,
1041 2339 1044 2344 Δ

131 2346 134 2359 ’
158 2363 233 2420 Pars
245 2360 276 2419 in
289 2362 369 2419 mole
384 2362 491 2419 sedens
503 2360 618 2420 virides
628 2361 887 2436 siccarecapiilos3

157 2455 246 2514 Pisce
260 2453 329 2513 vehi
343 2455 493 2530 quaedam.
512 2454 618 2513 Facies
631 2474 689 2513 non
703 2454 842 2513 omnibus
856 2474 924 2525 una,

158 2546 227 2605 Nec
239 2546 356 2605 diversa
365 2560 477 2605 tament
498 2550 619 2623 qualem
633 2550 720 2606 decet
732 2568 798 2605 esse
813 2568 958 2608 sororum.

159 2640 257 2697 Terra
270 2638 358 2706 viros,
371 2641 521 2713 urbesque
535 2639 626 2714 gerit,
640 2640 798 2716 silvasque,
811 2640 958 2717 ferasque,

157 2730 363 2805 Fluminaque,
374 2740 407 2787 et
418 2732 586 2804 Nymphas,
601 2741 632 2789 et
645 2744 754 2791 caetera
763 2726 892 2790 ‘numina
905 2734 992 2793 ruris.

157 2824 235 2883 Haec
250 2840 341 2898 super
353 2821 494 2898 imposita
507 2808 553 2880 est
564 2821 633 2881 coeli
647 2822 792 2899 fulgentis
805 2823 917 2900 imag03
1000 2822 1004 2827 ’

78 2962 80 2969 ,
157 2916 310 2993 Signaque
322 2935 375 2973 sex
390 2914 502 2974 foribus
516 2915 642 2982 dextris,
654 2914 842 2991 totidemque
856 2915 994 2983 sinistris.

60 3047 63 3067 .
80 3045 85 3051 -
157 3009 227 3080 Quo
241 3008 330 3066 simul
345 3008 459 3065 acclivo
473 3010 654 3082 Clymeneia
666 3008 762 3065 limite
777 3011 877 3081 proles

116 3151 119 3157 .
157 3098 261 3168 Venit,
276 3112 306 3158 et
320 3097 439 3156 intravit
452 3098 577 3156 dubitati
590 3111 671 3156 tecta
683 3098 826 3174 parentis;

148 3190 298 3251 'Protinus
312 3191 348 3248 ad
362 3189 473 3264 patrios
487 3208 540 3246 sua
551 3189 609 3246 fert
623 3188 749 3263 vestigia
763 3193 874 3248 vuitus:

158 3282 361 3357 Consistitque
375 3284 490 3356 procul.
510 3282 622 3357 Neque
636 3281 715 3339 enim
730 3282 869 3357 propiora
879 3283 993 3344 ferebat

158 3376 298 3433 Lumina.
317 3376 471 3448 Purpurea
483 3376 598 3431 velatus
611 3385 695 3431 veste
707 3375 826 3433 sedebat

92 3484 98 3501 ¹
158 3470 193 3529 In
209 3466 285 3525 solio
300 3467 429 3525 Pboebus
443 3464 532 3525 claris
545 3469 665 3523 lucente
679 3466 861 3543 smaragdis.
912 3459 915 3470 ’
954 3478 957 3487 ·

159 3561 190 3618 Α
203 3560 309 3616 dextra
322 3560 457 3632 laevaque
469 3556 553 3627 Dies,
566 3569 595 3617 et
607 3556 734 3626 Mensis,
748 3573 778 3617 et
793 3561 908 3629 Annus,

161 3651 341 3726 Seculaque,
353 3660 383 3710 et
395 3650 501 3725 positae
513 3649 615 3726 spatiis
630 3650 795 3727 aequalibus
806 3648 912 3709 Horae:
