2450 4009
435 340 740 405 unximus
912 360 922 373 ·
976 331 1045 421 117

9 517 13 595 q
119 488 185 547 Per
196 506 345 549 somnum:
363 506 530 563 corpusque
545 501 652 563 petens
664 482 856 560 amplectitur
866 501 965 541 aurae

124 578 351 657 Exclamatque,
367 582 465 639 Mane.
487 582 555 651 Quo
568 598 596 635 te
612 578 703 652 rapis?
719 578 828 637 ibimus
839 578 925 647 une]

124 670 211 731 Voce
227 672 273 729 sui
287 667 446 747 specieque
460 674 513 727 viri
528 676 643 729 turbata
656 688 794 742 soporem

125 764 261 837 Excutit:
279 777 308 823 et
321 764 421 841 primo
433 766 458 821 si
470 768 509 823 sit
521 765 728 838 circumspicit
740 763 812 831 iilic,

124 856 185 949 Qui
204 857 327 913 modo
302 874 388 921 visos
397 872 469 915 erat.
491 858 569 915 Nam
579 855 653 915 moti
666 870 738 913 roco
750 852 879 912 ministri

124 926 288 1006 intuterant
300 952 410 1007 lumen.
434 952 593 1023 Postquam
605 966 663 1005 non
676 945 787 1007 invenit
802 960 936 1021 usquam,

124 1042 257 1099 Percutit
271 1060 434 1109 oramanm
449 1042 597 1117 laniatque
611 1061 627 1096 a
642 1055 763 1114 pectore
777 1053 886 1097 vestes·

124 1132 306 1209 Pectoraque
321 1134 385 1208 ipsa
395 1134 474 1191 serit.
495 1133 561 1195 Nec
573 1132 688 1191 crinem
699 1135 819 1191 solvere
833 1139 926 1189 curat:

126 1224 250 1282 scindit:
266 1238 294 1283 et
309 1224 414 1291 altrici,
429 1243 496 1301 quse
510 1228 607 1283 luctus
619 1243 721 1292 causa,
735 1224 861 1299 roganti,

125 1316 218 1392 Nulla
228 1328 277 1373 cst
288 1318 544 1391 Halcyone,'nulla
555 1328 611 1385 cst,
626 1315 678 1373 aits
692 1315 801 1375 occidit
813 1332 873 1373 una
972 1357 989 1387 q

125 1408 205 1465 Cum
215 1410 313 1482 Ceyce
328 1427 388 1466 suo.
411 1408 541 1467 Solantia
555 1409 652 1467 tollite
665 1410 761 1466 verba.

125 1499 297 1575 Naufragus
310 1501 433 1559 interiit:
450 1501 518 1568 vidi,
531 1503 710 1577 agnovique:
724 1517 891 1573 manusque

125 1591 174 1648 Ad
188 1590 401 1657 discedentem,
410 1592 533 1664 cupiens
545 1590 684 1654 retinere,
698 1588 820 1648 tetendi.

126 1683 244 1743 Umbra
256 1681 345 1757 fugit:
360 1684 412 1738 sed
423 1696 453 1740 et
468 1683 575 1739 umbre
584 1694 684 1739 tamen
696 1680 866 1749 manifesta,
874 1678 987 1755 virique

126 1772 209 1830 Vera
222 1774 291 1831 mei.
312 1775 382 1833 Non
395 1773 446 1832 ille
458 1774 589 1850 quidem,
601 1774 626 1830 si
640 1775 761 1850 quaeris,
774 1777 899 1831 habehat

126 1858 274 1923 As'suetos
289 1868 399 1923 ruitusa
411 1884 468 1923 nec
477 1884 535 1941 quo
549 1864 635 1939 prius
644 1884 696 1921 ore
708 1864 826 1923 nitebat.

126 1952 301 2021 Pallentem,
311 1960 492 2031 nudumque,
506 1967 537 2013 et
548 1958 644 2011 adhuc
660 1959 801 2015 humente
812 1954 920 2029 copiti·

127 2046 237 2105 infelix
253 2046 320 2104 vidi.
341 2046 428 2105 Stetit
439 2050 496 2103 hoc
510 2046 687 2104 miserabilis
700 2047 766 2121 ipso

126 2138 208 2196 Ecce
221 2140 298 2201 locor
311 2151 341 2196 et
353 2138 463 2215 quaerit
478 2138 602 2215 vestigia
615 2139 710 2215 siqua
723 2138 884 2214 supersint.
927 2203 931 2215 Ι

126 2229 195 2287 Hoc
211 2238 283 2297 erat,
297 2232 352 2287 hoc
367 2230 465 2289 animo
477 2232 561 2307 quod,
570 2230 721 2291 divinante
734 2234 886 2299 timebatur

127 2320 168 2381 Et
181 2340 228 2388 ne,
239 2341 288 2379 me
302 2321 432 2399 fugiens,
446 2338 551 2383 ventos
563 2342 724 2399 sequerere
739 2321 893 2399 rogabam?

126 2413 266 2471 Accone
280 2416 401 2488 ¹uellem,
413 2414 553 2489 quoniam
567 2414 720 2489 periturus
732 2413 841 2480 abibas,
854 2474 857 2480 ,

128 2502 183 2561 Me
198 2522 317 2580 quoque
332 2503 479 2585 duxisses.
501 2506 619 2562 Tecum
631 2502 688 2563 fuit
700 2503 784 2571 utile,
796 2518 900 2571 tecum

129 2594 178 2655 Ire
190 2596 274 2653 mihi.
296 2598 403 2673 Neque
418 2597 499 2657 enim
512 2600 549 2659 de
563 2597 631 2655 vitae
644 2610 779 2670 tenspore
790 2594 953 2676 quicquam

128 2686 197 2743 Non
212 2684 302 2744 simul
316 2687 459 2761 egissems
474 2706 531 2745 nec
544 2706 626 2747 mors
640 2687 768 2745 discreta
779 2686 893 2746 fuisset.
969 2744 975 2755 ,

128 2778 219 2835 Nunc
231 2778 337 2837 absens
351 2798 452 2853 pereo,
464 2780 561 2857 jactor
571 2798 652 2840 nunc
663 2779 802 2837 fluetibus
814 2780 933 2837 assere·

106 2914 109 2921 ,
129 2868 178 2935 Et,
193 2870 256 2951 sine
269 2888 331 2937 me,
343 2882 373 2927 te
388 2884 496 2945 pontus
511 2874 611 2929 habet..
628 2868 789 2927 Crudelior
802 2867 869 2941 ipso

129 2958 175 3021 Sit
189 2958 262 3017 mihi
273 2978 361 3019 mens
373 2964 495 3035 pelago,
506 2962 533 3017 si
546 2962 637 3019 vitem
647 2960 758 3015 ducere
769 2959 846 3015 niter

127 3050 273 3124 Longius;
285 3064 315 3112 et
328 3064 409 3111 tanto
423 3069 558 3127 pugnem
569 3067 728 3125 superesse
741 3048 846 3128 dolori.

130 3130 188 3197 Sed
203 3160 299 3217 neque
314 3145 463 3219 pugnabo:
475 3162 532 3203 nec
546 3156 586 3213 te,
599 3142 779 3211 miserande,
792 3141 972 3219 relinquam:-

128 3233 169 3290 Et
181 3231 234 3289 tibi
247 3252 326 3290 nunc
341 3239 447 3295 saltem
461 3237 577 3303 veniam
591 3254 704 3305 comen
719 3237 807 3311 inque
818 3238 987 3309 sepulchre,

130 3323 163 3379 Si
176 3344 232 3380 non
247 3344 331 3391 urna,
345 3339 443 3386 temen
454 3328 563 3404 junget
576 3329 741 3389 nosiiteraz
754 3323 781 3382 'si
793 3344 854 3383 non

131 3416 258 3479 Ossibus
270 3437 337 3476 ossa
350 3417 437 3488 meis,
448 3431 477 3476 at
489 3437 596 3479 nomen
607 3418 728 3477 nomine
743 3431 872 3491 tangam.

128 3508 220 3568 Plura
229 3512 315 3566 dolor
326 3508 475 3584 prehibctr
489 3516 638 3585 ver-beque
653 3508 917 3574 intervenitomtsi·

127 3600 268 3677 Naupor:
281 3612 316 3665 et
327 3600 450 3669 attonite
460 3601 594 3680 gemitus
604 3620 623 3662 a
633 3602 724 3677 eorde
735 3601 903 3667 trahuntur..
