2450 4009
432 292 511 351 LlB.
526 292 581 349 IV.
601 294 694 351 FAB.
709 292 813 351 xvu.

50 491 55 524 ἑ
159 435 259 513 Cujus
272 433 441 521 inintroitu
455 436 594 515 geminas
606 414 758 496 habitasse
772 456 889 497 sorores

48 527 55 542 “
161 528 344 602 Phorcydas,
359 528 447 587 unius
461 530 582 603 partitas
596 530 722 587 luminis
735 548 834 590 usum:

162 622 198 679 id
213 640 244 677 se
259 622 364 679 solerti
377 622 491 689 iurum,
507 624 579 683 dum
594 623 731 692 traditur,
744 637 810 683 astu

164 714 325 791 Supposita
340 717 455 790 cepisse
470 736 571 774 manue
588 724 704 791 perque
718 716 815 774 abdita
826 719 929 793 longe,

164 808 333 883 Devisque,
347 822 377 867 et
393 808 475 866 silvis
490 807 639 867 horrentis
651 826 725 867 saxa
739 808 866 884 fragosis

163 899 342 977 Gorgoneas
356 900 492 977 tetigisse
506 902 621 959 domos=
638 900 810 976 passimque
826 918 881 976 per
892 914 991 975 agros,

164 994 282 1069 Perque
295 992 356 1051 vias
370 991 480 1051 vidisse
495 992 653 1051 hominum
667 991 828 1056 simulacra
840 992 1043 1068 ferar-nque,

164 1086 201 1143 ln
215 1084 333 1143 silicem
345 1105 384 1143 ex
397 1084 471 1161 ipsis
484 1084 549 1143 visa
562 1104 705 1143 conversa
720 1086 859 1143 Medusa:

164 1176 208 1235 Se
220 1176 323 1235 tamen
336 1178 504 1246 horrendae,
517 1177 627 1252 clypei,
642 1178 723 1253 (guod
737 1180 813 1237 laeva
826 1180 960 1253 gerebat,

167 1271 235 1327 AEre
250 1287 428 1344 repercusso
443 1270 571 1327 sormam
585 1270 758 1343 adspexisse
776 1271 922 1329 Medusae

168 1362 315 1437 Dumque
329 1361 429 1438 gravis
441 1378 566 1421 somnus
578 1364 775 1467 colubrasque
795 1362 955 1437 ipsumque
971 1364 1099 1434 tenebat,

168 1454 324 1528 Eripuisse
338 1466 428 1530 caput
440 1458 528 1513 eollo·
542 1446 709 1530 pennisque
723 1456 864 1562 fugacem

169 1548 317 1623 Pegason,
331 1560 361 1603 et
374 1546 499 1611 fratrem
513 1548 619 1605 matris
631 1549 670 1609 de
683 1548 832 1623 sanguine
846 1560 939 1608 natos.

170 1639 297 1703 Addidit
309 1652 339 1697 et
352 1613 452 1717 long!
455 1658 514 1697 non
528 1639 603 1695 falsa
615 1639 751 1713 pericula
764 1656 880 1697 cursus:

169 1730 246 1803 Quae
261 1730 347 1799 freta,
360 1750 434 1805 quas
448 1743 543 1788 terras
559 1732 661 1788 subse
675 1728 796 1790 vidisset
811 1734 847 1789 ab
859 1734 930 1790 allo·

169 1824 210 1881 Et
224 1837 292 1897 quae
305 1822 423 1899 jactetis
437 1822 587 1899 tetigisset
600 1822 699 1881 sidera
711 1821 826 1897 pennis.

171 1917 249 1973 Ante
263 1929 474 1987 exspectatum
486 1914 579 1973 tacuit
596 1930 708 1975 tenses.
730 1916 856 1990 Excipit
868 1934 946 1975 tinus

170 2005 197 2063 E
212 2022 339 2062 numero
353 2008 524 2078 procerum,
535 2024 687 2079 quaerens,
699 2024 754 2067 cur
765 2009 834 2080 sola
845 2024 983 2067 sororum

160 2098 307 2201 Gesseris
320 2098 465 2156 alternis
457 2098 608 2157 immissos
623 2099 755 2159 crinibus
766 2116 893 2177 ungues

160 2156 329 2265 Hospes
341 2190 391 2260 sit,
405 2190 558 2264 Quoniam
572 2190 690 2251 scitaris
703 2192 795 2269 digne
806 2195 915 2262 relatu,

144 2272 147 2280 “
170 2282 285 2357 Accipe
300 2282 420 2358 quaesiti
433 2302 565 2377 causam.
588 2284 764 2343 Clarissima
776 2284 884 2354 sonna,

172 2376 402 2449 Multorumque
417 2374 475 2435 fuir
488 2364 559 2449 spes
572 2374 718 2435 invidiosa
730 2394 894 2449 procorum

172 2468 236 2536 111a;
250 2484 306 2525 nec
320 2465 350 2523 in
365 2477 427 2525 tota
440 2467 629 2540 conspectior
641 2468 703 2525 ulla
714 2466 830 2540 capillis

172 2560 244 2617 Pars
259 2558 323 2623 iuit.
343 2558 458 2627 Inveni,
472 2557 569 2635 quise
584 2556 696 2617 vidisse
713 2558 867 2617 referrent.
937 2586 941 2595 ¹

172 2651 257 2709 Hanc
272 2650 372 2727 pelagi
385 2662 485 2711 rector
498 2652 615 2725 templo
629 2650 751 2709 sitiisse
766 2650 916 2709 Minerrae

173 2743 304 2802 Dicitur.
323 2746 511 2827 Aversaest,
525 2756 555 2801 et
568 2758 667 2803 castos
679 2744 778 2821 aegide
793 2746 894 2801 vultus

173 2838 254 2896 Nate
267 2835 349 2895 Jovis
361 2835 449 2895 texit:
465 2854 539 2894 neve
555 2838 610 2895 hoc
626 2834 750 2910 impune
763 2836 883 2901 fuisset,

172 2927 370 3005 Gorgoneum
386 2940 490 2999 turpes
502 2922 618 2983 crinem
632 2925 758 2982 mutarit
770 2925 800 2983 in
816 2924 937 2997 hydros.

174 3022 265 3079 Nunc
280 3037 410 3094 quoque,
425 3030 456 3075 ut
469 3015 608 3075 attonitos
622 3013 781 3073 formidine
795 3026 905 3077 terreat
919 3016 1031 3095 hostes,

174 3112 300 3177 Pectore
313 3112 343 3170 in
358 3112 493 3185 adverso,
507 3127 581 3186 quos
596 3108 678 3182 fecit,
690 3106 821 3172 sustinet
829 3126 955 3186 urgues,
