2450 4009
464 362 544 421 LIB.
559 362 617 421 lv.
637 362 729 421 ΕΑΒ.
744 364 783 421 Χ.
1040 364 1085 429 63

159 504 311 579 componi
324 508 439 565 tumulo
449 523 509 564 non
523 505 684 564 invideatis
697 508 812 565 eodem.

158 598 202 655 At
215 607 257 665 tu,
269 615 337 673 quae
352 596 443 655 ramis
456 600 542 657 arbor
554 597 727 655 miserabile
740 615 850 674 corpus

157 688 190 745 N
193 707 250 745 unc
263 691 340 765 tegis
352 689 451 759 unius,
465 709 538 749 mox
552 709 585 749 es
598 701 718 748 tectura
730 690 870 759 duolum3

158 778 254 855 Signa
267 791 334 839 tene
350 782 451 850 caedis3
472 783 639 857 pullosque,
654 794 684 840 et
697 781 826 860 luctibus
838 793 923 856 aptos

159 871 288 947 Semper
300 876 375 932 habe
388 874 477 932 foetus
490 873 605 949 gemini
619 886 812 932 monumenta
825 871 951 931 cruoris.

159 962 257 1021 Dixit:
279 975 310 1023 et
322 976 419 1041 aptato
432 978 539 1041 pectus
552 983 698 1024 mucrone
711 968 765 1023 sub
776 964 875 1023 imum

158 1056 297 1116 Incubuit
309 1057 399 1117 ferror
421 1060 501 1133 quod
514 1059 611 1115 adhuc
627 1077 645 1117 e
659 1058 742 1117 caede
755 1048 884 1133 tepebat.

157 1144 239 1205 Vota
252 1159 353 1209 tamen
366 1150 494 1227 tetigere
511 1151 604 1220 Deos,
618 1150 746 1225 tetigere
760 1162 909 1225 parentes.

69 1232 76 1248 ⁸
158 1240 240 1298 Nam
254 1246 337 1304 color
347 1242 376 1301 in
391 1261 481 1316 pomo
495 1255 550 1311 est,
564 1242 615 1300 ubi
627 1242 836 1317 permaturuit,
848 1254 923 1299 aterz

158 1329 308 1411 Quodque
322 1335 405 1412 rogis
417 1346 566 1413 superest,
581 1353 641 1392 una
651 1334 816 1413 requiescit
829 1334 860 1391 in
873 1351 956 1396 urna.

330 1572 494 1655 mammea
506 1589 538 1639 sn
558 1575 785 1652 reperissem
804 1600 878 1639 m.
890 1600 922 1637 x.
980 1560 984 1567 ’

198 1700 292 1760 Finis
305 1712 369 1760 erat
380 1692 480 1761 dictis:
502 1715 533 1760 et
546 1705 645 1761 adhuc
657 1703 794 1777 Minyeia
807 1704 908 1778 proles

160 1796 261 1872 Urget
274 1814 359 1871 opus,
372 1796 546 1873 spernitque
563 1796 677 1865 Deum,
693 1797 867 1869 festumque
877 1794 1021 1870 profanat:

137 1893 149 1917 l
159 1887 319 1963 Tympana
332 1907 402 1946 cum
417 1888 513 1946 subito
527 1907 586 1945 non
600 1888 771 1963 apparentia
781 1886 880 1945 raucis

146 1994 148 1999 ’
160 1972 366 2055 Obstrepuere
381 1980 473 2037 sonis:
494 1992 525 2036 et
539 1980 653 2038 adunco
668 1980 738 2037 tibia
750 1991 853 2049 cornu,

159 2070 351 2147 Tinnulaque
371 2090 431 2145 aera
446 2083 559 2131 sonant:
581 2073 719 2129 redolent
731 2074 934 2147 myrrhaeque,
948 2067 1088 2145 crocique

159 2163 281 2239 Resque
294 2162 353 2220 fide
367 2164 473 2242 major,
488 2180 607 2238 coepere
622 2162 770 2221 virescere
783 2164 864 2232 telae,

158 2257 256 2331 Inque
268 2256 388 2315 bederae
402 2255 512 2315 faciem
526 2256 659 2329 pendens
673 2254 865 2312 frondescere
879 2253 983 2311 vestis.

158 2348 233 2407 Pars
245 2349 306 2407 abit
315 2350 346 2406 in
362 2348 450 2406 vitesz
471 2362 501 2405 et
514 2366 582 2421 quae
597 2347 687 2405 modo
701 2346 751 2403 fila
765 2346 899 2412 fuerunt,

110 2463 112 2471 s
158 2440 287 2497 Palmite
303 2450 466 2505 mutanturr
487 2439 525 2495 de
541 2436 671 2495 stamine
684 2437 845 2511 pampinus
858 2434 931 2493 exit:
946 2472 949 2483 .

89 2594 95 2607 ,
158 2532 296 2605 Purpura
308 2530 459 2605 fulgorem
473 2528 563 2604 pictis
576 2518 750 2587 sccomodat
764 2525 841 2585 uvis.
898 2526 938 2604 ,⁸

197 2622 325 2699 Jamque
338 2621 403 2698 dies
418 2634 542 2681 exactus
555 2633 628 2691 erat,
638 2633 821 2697 tempusque
836 2617 961 2690 subibat,

158 2714 248 2785 Quod
259 2727 293 2775 tu
304 2730 361 2775 nec
375 2718 521 2785 tenebras,
531 2733 588 2772 nec
603 2733 708 2790 posses
722 2713 825 2772 dicere
837 2716 950 2781 lucerm

160 2804 219 2865 Sed
232 2826 302 2865 cum
317 2809 386 2865 luce
398 2790 500 2865 tamen
514 2806 615 2866 dubiae
629 2806 758 2865 confinia
769 2805 877 2863 noctis.

159 2897 254 2957 Tecta
266 2908 391 2973 repente
405 2898 497 2970 quati,
511 2896 701 2971 pinguesque
716 2898 820 2952 ardere
832 2894 969 2951 videntur
1070 2944 1072 2948 .

158 2988 339 3064 Lampades,
354 3000 385 3046 et
398 2987 498 3045 rutilis
512 2988 662 3045 collucere
675 2986 797 3064 ignibus
810 2987 900 3045 aedes:
927 3043 932 3046 .

158 3080 304 3156 Falsaque
317 3100 459 3149 serarum
474 3078 635 3137 simulacra
647 3081 762 3137 ululare
776 3078 920 3138 ferarum.

157 3172 285 3231 Fumida
296 3172 474 3248 jamdudum
489 3171 603 3230 latitant
617 3189 673 3246 per
686 3181 764 3230 tecta
777 3190 905 3240 sororem

158 3262 357 3337 Diversaeque
372 3264 444 3321 locis
455 3264 544 3341 ignes
555 3278 590 3321 uc
605 3262 721 3322 lumina
733 3263 834 3322 vitant.

157 3356 302 3432 Dumque
317 3365 424 3430 petunt
437 3358 571 3427 latebram
593 3374 699 3430 parvos
713 3357 886 3415 membrana
897 3371 953 3429 per
964 3363 1045 3416 artus

1069 3076 1082 3108 '0

62 3504 67 3515 ,
111 3493 114 3497 .
159 3447 340 3528 Porrigiturj'
359 3446 503 3521 tenuique
518 3448 632 3505 inducit
645 3447 767 3506 brachia
781 3464 887 3521 penna.

128 3588 133 3596 t
158 3530 226 3597 Nec
239 3558 297 3615 qua
309 3536 495 3614 perdiderint
509 3541 643 3598 veterem
656 3539 768 3597 ratione
782 3536 919 3612 figuram,

159 3630 247 3701 Scire
258 3629 359 3691 sinunt
371 3634 515 3693 tenebrae.
535 3633 606 3691 Non
618 3632 685 3691 illas
698 3634 802 3707 pluma
813 3630 937 3714 letavits

188 3902 199 3929 b
