2450 4009
181 318 231 385 24
347 288 350 297 ’
393 384 402 399 ,
492 312 789 374 narratorem

181 458 302 517 Cornua
312 457 503 517 decrescunt·
523 453 696 523 fitiuminis
708 459 818 519 arctior
829 459 922 524 orhiss

180 548 373 610 Contrahitor
387 548 489 607 rictnsr
511 552 642 610 redeunt
652 552 835 628 humerique
850 570 1029 629 manusque:

180 644 364 719 Ungulaque
375 642 407 700 in
420 643 527 719 quinos
539 642 654 719 dilapsa
665 645 833 704 absumitur
845 662 973 722 ungues.
1061 656 1072 666 ·
1136 656 1145 665 ’

179 734 230 795 De
244 736 318 793 bove
330 735 372 793 nil
388 747 537 811 superest,
551 733 657 795 formae
671 736 731 794 nisi
739 737 860 806 candor,
874 734 904 795 in
917 736 977 796 illas

180 825 349 902 Officioque
362 829 476 902 pedum
487 831 620 905 nymphe
631 822 769 887 contenta
779 830 910 889 ‹iuorurn

180 915 330 995 Erigitur=
351 920 521 996 metuitque
536 921 628 995 loqui,
640 940 679 981 ne
695 941 781 982 more
792 922 933 1000 juvencae
965 957 967 962 ·

112 1018 118 1035 ¹
181 1010 313 1089 Mugiae
334 1024 367 1071 et
379 1012 486 1073 timide
500 1016 591 1072 verba
604 1012 780 1076 intermissa
792 1026 928 1079 retentat

180 1102 271 1163 Nunc
286 1103 353 1165 Dea
360 1104 493 1181 linigera
505 1103 615 1167 colitur
626 1107 927 1186 celeberrimoturba.

249 1395 253 1405 .
285 1354 423 1426 Iurgium
438 1356 555 1445 Epaphi
569 1373 634 1413 cum
646 1356 836 1412 Phaethonte.
854 1350 999 1425 'raa-'xm

218 1476 308 1535 Hom
324 1476 469 1551 Epaphus
484 1476 587 1554 magni
598 1476 717 1553 genitus
730 1478 768 1540 de
782 1475 898 1538 semine
911 1478 1033 1539 tandem
1139 1504 1145 1507 ·

151 1642 161 1655 κ
181 1568 323 1629 Creditur
335 1587 402 1630 esse
414 1568 509 1633 Jovisr
530 1587 648 1645 perque
660 1571 749 1645 urbes
757 1566 864 1646 josaia
875 1570 1003 1645 parenti,
1046 1585 1049 1590 ·

182 1662 315 1734 Templa
325 1674 418 1721 tenet.
439 1661 509 1720 Fuit
523 1662 594 1719 huic
607 1661 717 1723 animis
731 1660 898 1737 aequaliset
908 1661 995 1723 anuis

182 1752 252 1811 Sole
267 1744 354 1813 satus
361 1754 526 1812 Phaethon:
541 1769 635 1825 quem
645 1756 794 1831 quondam
807 1773 916 1830 magna
926 1758 1110 1831 loquentem,

182 1849 211 1906 N
215 1867 250 1909 ec
264 1846 323 1907 sibi
336 1848 693 1923 cedentem‚.l'.hoeboque
706 1858 828 1921 parente
840 1852 1016 1925 superbum,

182 1940 214 1997 N
215 1958 253 1997 on
266 1939 336 1999 tulit
351 1938 519 2019 Inachides:
543 1940 707 2017 Matrique,
716 1940 766 2010 ait,
781 1941 881 1999 omnia
893 1943 1020 2003 demens

183 2032 301 2100 Credis;
323 2044 353 2090 et
367 2048 400 2089 es
413 2032 548 2091 tumidus
557 2032 704 2109 genitoris
718 2032 852 2111 imagine
865 2034 941 2093 falsi.

183 2123 312 2183 Erubuit
326 2125 489 2193 Phaethon,
503 2124 641 2199 iramque
655 2127 772 2199 pudore
786 2127 942 2200 repressit:

183 2218 225 2279 Et
239 2217 307 2275 tulit
320 2218 359 2275 ad
371 2220 551 2292 Clymenen
566 2218 685 2292 Epaphi
696 2218 835 2278 convicia
848 2231 986 2281 matrem·

183 2312 313 2385 Quoque
325 2309 425 2386 magia
438 2312 547 2380 doleas,
563 2310 705 2385 genitrix,
718 2311 770 2369 aits
792 2314 848 2379 lue
861 2332 921 2389 ego
934 2312 1021 2383 liber,

141 2464 146 2471 ,
184 2405 240 2461 Ille
255 2404 341 2461 ferox
355 2402 445 2461 tacui.
467 2404 566 2467 Pudet
578 2406 646 2463 hae'c
659 2404 820 2480 opprobria
831 2404 916 2465 nobis

184 2496 225 2555 Et
237 2495 296 2554 dici
305 2496 450 2571 potuisse,
456 2508 490 2559 ¹et
504 2516 564 2569 npn
575 2497 709 2572 potuisse
720 2497 828 2557 refelli.

184 2590 227 2647 At
240 2599 283 2670 tu,
296 2588 323 2645 si
336 2590 426 2645 modo
441 2608 509 2647 eum
524 2589 644 2646 coelesti
658 2591 750 2663 stirpe
765 2599 895 2659 oreatus,
955 2600 973 2621 '⁸

184 2683 249 2741 Ede
262 2690 363 2739 notam
375 2681 449 2747 tanti
459 2679 590 2755 generisr
612 2700 724 2755 meque
734 2699 835 2741 assere
849 2685 936 2743 coelo.

148 2792 150 2797 ·
184 2773 283 2840 Distu
301 2772 335 2831 ‘et
345 2771 497 2847 implicuit
508 2773 778 2852 maternobrachia
788 2777 881 2835 collos

183 2867 301 2940 Perque
314 2884 414 2933 suum,
430 2864 629 2940 Meropisque
643 2878 745 2942 caput,
756 2866 910 2943 taedasque
924 2886 1072 2940 sororum,

184 2959 341 3025 Traderet,
356 2957 461 3027 oravit,
471 2957 535 3017 veri
549 2958 604 3020 sibi
618 2958 704 3035 signa
716 2960 859 3036 parentia,

65 3110 78 3119 ,
183 3049 383 3124 Ambiguum,
394 3052 540 3123 Clymene
554 3053 695 3125 precibus
709 3046 913 3121 Phaethontis,
926 3074 963 3114 an
974 3054 1019 3113 ira
1067 3112 1072 3117 .

185 3142 269 3200 Mota
283 3140 380 3215 magis
394 3140 467 3199 dieti
480 3141 536 3201 sibi
547 3142 694 3203 criminis:
717 3156 845 3220 utraque
854 3135 937 3206 'coelo

183 3234 311 3293 Brachia
323 3233 470 3310 porrexitz
491 3248 689 3314 spectansque
701 3238 738 3295 ad
752 3237 866 3299 lumina
879 3238 960 3310 sotis,

184 3329 244 3385 Per
255 3327 344 3406 jubar
358 3329 423 3395 hoc,
436 3326 543 3401 inquit,
558 3328 647 3386 radiis
656 3328 780 3406 insigne.
790 3331 935 3401 coruscis,

184 3420 273 3485 Nate,
285 3418 338 3475 tibi
349 3419 431 3497 juro,
443 3422 521 3495 quod
535 3439 587 3479 nos
602 3421 744 3496 auditque
757 3423 911 3499 videtquer

184 3509 252 3567 Hoc
267 3520 307 3577 te,
320 3528 413 3585 quem
428 3524 556 3587 spectas,
570 3514 627 3573 hoc
641 3527 682 3584 te,
695 3515 747 3589 qui
760 3529 908 3591 temperat
920 3519 1034 3589 orbern,

185 3602 254 3659 Sole
267 3612 374 3661 satum.
396 3604 431 3661 Si
442 3604 640 3681 fietaioquor,
652 3620 744 3685 neget
755 3609 822 3684 ipse
838 3607 1002 3670 ridendum
1059 3679 1065 3689 ,
