2450 4009
419 342 498 403 em
513 342 537 401 1.
557 342 650 401 ma
663 342 739 401 vu.
997 350 1041 415 1³

118 488 233 545 Pronus
244 483 342 555 humi,
354 484 514 562 gelidoque
526 504 638 561 pavens
650 485 734 545 dedit
743 488 849 547 oaeuia
859 505 942 546 raso.

118 578 220 654 Atque
230 576 282 649 ita,
295 576 329 637 Si
343 579 493 652 precibus,
505 578 659 649 dixerunt,
669 578 795 637 numina
805 576 896 656 justis

119 670 209 729 Victa
219 673 442 742 remollescunt,
457 670 484 731 si
495 670 631 731 flectitur
639 671 687 730 iru
699 672 850 741 Deorum

120 760 191 834 Dic,
204 764 328 835 Themi,
340 784 399 841 qua
411 765 534 841 generis
548 767 694 823 damnum
707 765 871 838 reparabile
883 766 980 823 nostri

119 857 195 915 Arte
209 857 255 928 sit,
274 870 306 917 et
318 857 429 919 mersis
444 856 490 917 fer
501 874 602 935 opem,
616 855 787 924 mitissima,
806 860 903 917 rebua

120 949 208 1009 Mota
220 948 288 1009 Dea
301 961 359 1019 est;
380 964 555 1026 sortemque
570 948 663 1007 dedita
685 952 970 1019 Disceditetemtt103

121 1042 265 1098 Etvelute
279 1051 380 1111 casim,-
399 1047 561 1125 cinctasque
574 1045 714 1098 resolvite
722 1054 834 1109 untes,-
933 1082 938 1091 -

125 1132 252 1205 Ossaque
261 1144 329 1204 trost
340 1146 455 1205 tergam
468 1152 574 1207 magne
580 1134 694 1205 jactate
702 1138 848 1202 parentia.

122 1226 315 1301 Obstupuere
330 1226 392 1285 dius
414 1226 587 1302 rumpitque
599 1225 720 1285 silentia
732 1244 806 1284 soce

121 1318 239 1393 Pyrrha
248 1319 340 1395 priore
361 1319 512 1398 jmaisque
525 1322 602 1381 Deae
614 1337 722 1397 parere
736 1331 866 1379 recusat:

122 1410 245 1487 Detque
256 1412 449 1485 sibiveniam,
463 1412 569 1489 pavido
580 1426 666 1490 rogat
680 1430 745 1481 oret
765 1426 913 1491 pavetque

122 1506 250 1567 Laedere
260 1506 380 1585 jactatis
392 1518 541 1569 materam
554 1507 671 1567 ossibus
684 1509 817 1567 umbras.

124 1600 244 1659 Interea
256 1613 398 1673 repetunt
410 1600 500 1659 eaeeis
512 1604 641 1659 obseura
653 1599 781 1656 latebris

123 1692 226 1750 Verba
240 1692 319 1751 datae
333 1690 423 1751 sortis
438 1699 554 1759 seeum,
568 1691 755 1765 interneque
769 1691 908 1749 volutant.

123 1786 197 1843 Inde
211 1785 423 1847 Promethides
436 1783 561 1860 placidis
574 1783 768 1859 Epimethida
776 1782 868 1841 dietis

50 1912 52 1917 .
124 1878 254 1948 Mouet,
274 1889 314 1948 et,
328 1879 392 1937 Aut
404 1878 504 1945 fallax,
517 1877 625 1946 eit,est
637 1875 759 1935 solertia
772 1874 877 1945 nebien

125 1970 191 2027 Aut
204 1970 253 2044 pia
266 1981 345 2039 sunt,
354 1970 532 2043 nullumque
545 1968 630 2027 nefas
641 1970 760 2026 oracula
772 1970 905 2027 suadent.

127 2064 241 2140 Magna
253 2082 362 2139 parens
375 2076 456 2121 terra
469 2072 524 2119 est:
545 2058 662 2137 lapides
671 2061 703 2119 in
716 2079 842 2135 corpore
854 2074 943 2121 terrae

128 2157 284 2231 Ossaruor
296 2155 367 2216 dieis
386 2154 487 2235 jacere
499 2158 553 2215 bos
565 2166 634 2231 post
646 2168 736 2231 terga
746 2155 899 2232 jubemur.

128 2248 274 2325 Conjugis
285 2249 412 2324 augurio
426 2267 597 2323 quanquam
609 2245 730 2306 Titania
742 2260 824 2307 mota
837 2260 894 2317 eat;

131 2341 205 2415 Spes
216 2351 317 2399 tamen
327 2340 359 2399 in
370 2342 459 2401 dubio
468 2354 523 2399 est.
539 2341 627 2399 Adeo
635 2340 807 2399 celestibus
821 2344 911 2399 ambo

73 2490 82 2497 ,
131 2430 276 2492 Diffidunt
290 2433 420 2491 monitis.
442 2434 501 2493 Sed
515 2430 588 2509 quid
601 2444 718 2511 tentare
728 2432 860 2491 nocebit?

132 2526 338 2603 Deseeudunt;
359 2527 516 2601 velantque
527 2536 628 2601 caput,
641 2523 816 2599 tunicasque
829 2522 999 2603 recingere

132 2624 172 2683 Et
182 2623 286 2702 jussos
299 2619 412 2697 lapides
424 2640 478 2680 sua
490 2634 559 2697 post
569 2619 699 2696 vestigia
709 2618 843 2679 mittunt.
1004 2624 1008 2630 '

132 2718 215 2777 Saxa
225 2716 308 2793 (quis
319 2718 375 2774 hoe
389 2716 499 2783 credat,
513 2715 571 2773 nisi
585 2712 626 2773 sit
637 2732 694 2790 pro
705 2724 782 2773 teste
794 2713 956 2791 vetustati)

131 2810 247 2869 Ponere
260 2809 401 2869 duritiem
417 2828 538 2886 coepere
552 2792 702 2883 suumque
716 2807 863 2885 rigorem

134 2902 308 2979 Mollirique
321 2920 414 2969 mora,
427 2900 602 2976 mollitaque
617 2902 729 2957 ducere
742 2900 880 2957 sormam,
926 2968 929 2976 1

132 2998 219 3066 Mox,
232 2998 284 3057 ubi
297 3006 465 3064 creverunt
477 3008 642 3070 naturaque
657 2989 835 3053 mitior-illis
929 2976 934 2988 x

134 3090 278 3167 Contigit,
298 3100 331 3149 ut
344 3090 492 3165 quadam,
507 3088 550 3147 sie
565 3107 623 3147 non
637 3087 913 3160 manifestarium

132 3184 243 3242 Forma
256 3194 356 3257 potest
367 3184 507 3253 hominia
529 3184 582 3243 sed
595 3182 640 3241 uti
648 3184 685 3241 de
700 3201 851 3241 rrrartnore
863 3194 962 3259 coepto

134 3276 205 3333 Non
219 3284 325 3333 exacta
338 3274 419 3344 satis,
430 3276 611 3351 rudibusque
626 3274 784 3336 simillima
796 3273 902 3349 signis.

132 3368 215 3439 Quae
224 3378 324 3431 tamen
339 3366 452 3425 exiliis
466 3367 566 3442 simun
579 3384 654 3442 pars
661 3366 785 3425 humida
796 3383 898 3434 sueto,
920 3387 922 3394 ¹

135 3462 176 3519 Et
189 3470 308 3519 terrena
321 3460 386 3529 soie
399 3478 486 3519 versa
498 3472 545 3519 est
557 3460 587 3519 in
603 3460 741 3537 eorporis
753 3476 856 3517 usums

135 3558 225 3632 Quod
239 3556 370 3615 solidum
386 3564 443 3622 esu
455 3554 596 3631 flectique
605 3555 721 3631 nequie
734 3563 866 3613 mittatur
877 3553 995 3612 inosnz

136 3649 227 3721 Quod
241 3648 331 3709 modo
343 3666 419 3709 vena
432 3644 498 3717 suit,
512 3650 566 3713 arb
581 3649 689 3707 eodem
700 3644 826 3705 nomine
835 3645 957 3706 mansit.
