<?xml version="1.0" encoding="UTF-8"?>
<!DOCTYPE html PUBLIC "-//W3C//DTD XHTML 1.0 Transitional//EN"
    "http://www.w3.org/TR/xhtml1/DTD/xhtml1-transitional.dtd">
<html xmlns="http://www.w3.org/1999/xhtml" xml:lang="en" lang="en">
 <head>
  <title>
</title>
<meta http-equiv="Content-Type" content="text/html;charset=utf-8" />
  <meta name='ocr-system' content='tesseract 3.04.00' />
  <meta name='ocr-capabilities' content='ocr_page ocr_carea ocr_par ocr_line ocrx_word'/>
</head>
<body>
  <div class='ocr_page' id='page_1' title='image "./decerptaexpovid00willgoog_0029.png"; bbox 0 0 2450 4009; ppageno 0'>
   <div class='ocr_carea' id='block_1_1' title="bbox 173 352 803 469">
    <p class='ocr_par' dir='ltr' id='par_1_1' title="bbox 173 352 803 469">
     <span class='ocr_line' id='line_1_1' title="bbox 173 352 803 469; baseline -0.016 -9"><span class='ocrx_word' id='word_1_1' title='bbox 173 400 238 469; x_wconf 63' lang='grc' dir='ltr'>,ιε</span> <span class='ocrx_word' id='word_1_2' title='bbox 282 352 287 355; x_wconf 41' lang='grc'><strong><em>’</em></strong></span> <span class='ocrx_word' id='word_1_3' title='bbox 334 392 338 399; x_wconf 89' lang='grc'><strong><em>·</em></strong></span> <span class='ocrx_word' id='word_1_4' title='bbox 504 390 803 455; x_wconf 77' lang='lat' dir='ltr'>narnuonru.</span> 
     </span>
    </p>
   </div>
   <div class='ocr_carea' id='block_1_2' title="bbox 151 534 1149 3394">
    <p class='ocr_par' dir='ltr' id='par_1_2' title="bbox 187 534 932 617">
     <span class='ocr_line' id='line_1_2' title="bbox 187 534 932 617; baseline -0.004 -18"><span class='ocrx_word' id='word_1_5' title='bbox 187 538 339 601; x_wconf 87' lang='lat' dir='ltr'>Omnibus</span> <span class='ocrx_word' id='word_1_6' title='bbox 348 537 449 601; x_wconf 83' lang='lat' dir='ltr'>audita</span> <span class='ocrx_word' id='word_1_7' title='bbox 459 549 505 600; x_wconf 90' lang='lat' dir='ltr'>est</span> <span class='ocrx_word' id='word_1_8' title='bbox 516 538 635 600; x_wconf 88' lang='lat' dir='ltr'>telluris</span> <span class='ocrx_word' id='word_1_9' title='bbox 646 549 680 598; x_wconf 89' lang='lat' dir='ltr'>et</span> <span class='ocrx_word' id='word_1_10' title='bbox 691 535 821 617; x_wconf 85' lang='lat' dir='ltr'>aequoris</span> <span class='ocrx_word' id='word_1_11' title='bbox 831 534 932 604; x_wconf 82' lang='lat' dir='ltr'>uudisa</span> 
     </span>
    </p>

    <p class='ocr_par' dir='ltr' id='par_1_3' title="bbox 186 620 913 709">
     <span class='ocr_line' id='line_1_3' title="bbox 186 620 913 709; baseline -0.007 -16"><span class='ocrx_word' id='word_1_12' title='bbox 186 632 228 693; x_wconf 83' lang='lat' dir='ltr'>Et</span> <span class='ocrx_word' id='word_1_13' title='bbox 241 630 349 709; x_wconf 88' lang='lat' dir='ltr'>quibus</span> <span class='ocrx_word' id='word_1_14' title='bbox 362 644 410 696; x_wconf 90' lang='lat' dir='ltr'>est</span> <span class='ocrx_word' id='word_1_15' title='bbox 420 631 508 691; x_wconf 90' lang='lat' dir='ltr'>undis</span> <span class='ocrx_word' id='word_1_16' title='bbox 522 631 632 703; x_wconf 85' lang='lat' dir='ltr'>audita,</span> <span class='ocrx_word' id='word_1_17' title='bbox 645 620 782 691; x_wconf 68' lang='lat' dir='ltr'>codrc&#39;uit</span> <span class='ocrx_word' id='word_1_18' title='bbox 795 647 913 690; x_wconf 88' lang='lat' dir='ltr'>omnes.</span> 
     </span>
    </p>

    <p class='ocr_par' dir='ltr' id='par_1_4' title="bbox 185 723 1028 891">
     <span class='ocr_line' id='line_1_4' title="bbox 185 723 1028 803; baseline 0.004 -19"><span class='ocrx_word' id='word_1_19' title='bbox 185 724 255 785; x_wconf 84' lang='lat' dir='ltr'>Jam</span> <span class='ocrx_word' id='word_1_20' title='bbox 268 743 353 785; x_wconf 83' lang='lat' dir='ltr'>mare</span> <span class='ocrx_word' id='word_1_21' title='bbox 365 727 449 787; x_wconf 89' lang='lat' dir='ltr'>littus</span> <span class='ocrx_word' id='word_1_22' title='bbox 461 728 562 797; x_wconf 78' lang='lat' dir='ltr'>habct3</span> <span class='ocrx_word' id='word_1_23' title='bbox 581 726 687 803; x_wconf 88' lang='lat' dir='ltr'>plenos</span> <span class='ocrx_word' id='word_1_24' title='bbox 699 723 782 801; x_wconf 87' lang='lat' dir='ltr'><strong>capit</strong></span> <span class='ocrx_word' id='word_1_25' title='bbox 795 725 899 783; x_wconf 82' lang='lat' dir='ltr'>alveus</span> <span class='ocrx_word' id='word_1_26' title='bbox 911 738 1028 787; x_wconf 71' lang='lat' dir='ltr'>amuest</span> 
     </span>
     <span class='ocr_line' id='line_1_5' title="bbox 186 816 879 891; baseline -0.004 -14"><span class='ocrx_word' id='word_1_27' title='bbox 186 817 327 878; x_wconf 83' lang='lat' dir='ltr'>Flumina</span> <span class='ocrx_word' id='word_1_28' title='bbox 339 819 504 891; x_wconf 61' lang='lat' dir='ltr'>subsidunt</span> <span class='ocrx_word' id='word_1_29' title='bbox 526 820 622 879; x_wconf 89' lang='lat' dir='ltr'>colles</span> <span class='ocrx_word' id='word_1_30' title='bbox 633 818 718 877; x_wconf 84' lang='lat' dir='ltr'>exire</span> <span class='ocrx_word' id='word_1_31' title='bbox 730 816 879 876; x_wconf 80' lang='lat' dir='ltr'>ridentur.</span> 
     </span>
    </p>

    <p class='ocr_par' dir='ltr' id='par_1_5' title="bbox 186 896 1117 1267">
     <span class='ocr_line' id='line_1_6' title="bbox 188 896 1117 988; baseline -0.005 -19"><span class='ocrx_word' id='word_1_32' title='bbox 188 910 294 988; x_wconf 85' lang='lat' dir='ltr'>Surgit</span> <span class='ocrx_word' id='word_1_33' title='bbox 307 913 431 973; x_wconf 72' lang='lat' dir='ltr'>burnus</span> <span class='ocrx_word' id='word_1_34' title='bbox 452 922 592 971; x_wconf 86' lang='lat' dir='ltr'>crescunt</span> <span class='ocrx_word' id='word_1_35' title='bbox 604 913 670 970; x_wconf 88' lang='lat' dir='ltr'>loca</span> <span class='ocrx_word' id='word_1_36' title='bbox 680 908 927 969; x_wconf 79' lang='lat' dir='ltr'>decrescentibus</span> <span class='ocrx_word' id='word_1_37' title='bbox 939 906 1054 987; x_wconf 15' lang='lat' dir='ltr'>undiszz</span> <span class='ocrx_word' id='word_1_38' title='bbox 1112 896 1117 907; x_wconf 88' lang='grc'><em>’</em></span> 
     </span>
     <span class='ocr_line' id='line_1_7' title="bbox 186 1000 942 1081; baseline -0.001 -20"><span class='ocrx_word' id='word_1_39' title='bbox 186 1002 319 1079; x_wconf 76' lang='lat' dir='ltr'><strong>Postque</strong></span> <span class='ocrx_word' id='word_1_40' title='bbox 333 1002 415 1065; x_wconf 88' lang='lat' dir='ltr'>diem</span> <span class='ocrx_word' id='word_1_41' title='bbox 427 1006 550 1081; x_wconf 85' lang='lat' dir='ltr'>longam</span> <span class='ocrx_word' id='word_1_42' title='bbox 562 1004 673 1062; x_wconf 82' lang='lat' dir='ltr'>nudata</span> <span class='ocrx_word' id='word_1_43' title='bbox 686 1000 844 1061; x_wconf 83' lang='lat' dir='ltr'>cacumina</span> <span class='ocrx_word' id='word_1_44' title='bbox 857 1000 942 1060; x_wconf 81' lang='lat' dir='ltr'>silrae</span> 
     </span>
     <span class='ocr_line' id='line_1_8' title="bbox 188 1094 1002 1174; baseline 0 -19"><span class='ocrx_word' id='word_1_45' title='bbox 188 1094 370 1168; x_wconf 82' lang='lat' dir='ltr'>ostendunt,</span> <span class='ocrx_word' id='word_1_46' title='bbox 382 1096 555 1174; x_wconf 86' lang='lat' dir='ltr'>limumque</span> <span class='ocrx_word' id='word_1_47' title='bbox 568 1106 674 1156; x_wconf 86' lang='lat' dir='ltr'>tenent</span> <span class='ocrx_word' id='word_1_48' title='bbox 684 1094 716 1154; x_wconf 92' lang='lat' dir='ltr'>iu</span> <span class='ocrx_word' id='word_1_49' title='bbox 729 1094 835 1155; x_wconf 67' lang='lat' dir='ltr'>bonde</span> <span class='ocrx_word' id='word_1_50' title='bbox 849 1094 1002 1155; x_wconf 88' lang='lat' dir='ltr'>relictum</span> 
     </span>
     <span class='ocr_line' id='line_1_9' title="bbox 187 1187 1042 1267; baseline -0.001 -19"><span class='ocrx_word' id='word_1_51' title='bbox 187 1188 335 1251; x_wconf 80' lang='lat' dir='ltr'>Redditus</span> <span class='ocrx_word' id='word_1_52' title='bbox 347 1190 429 1251; x_wconf 91' lang='lat' dir='ltr'>orbis</span> <span class='ocrx_word' id='word_1_53' title='bbox 444 1201 518 1250; x_wconf 76' lang='lat' dir='ltr'>erata</span> <span class='ocrx_word' id='word_1_54' title='bbox 541 1208 633 1267; x_wconf 87' lang='lat' dir='ltr'>quem</span> <span class='ocrx_word' id='word_1_55' title='bbox 646 1200 809 1266; x_wconf 83' lang='lat' dir='ltr'>postquam</span> <span class='ocrx_word' id='word_1_56' title='bbox 820 1187 918 1249; x_wconf 78' lang='lat' dir='ltr'>vidit</span> <span class='ocrx_word' id='word_1_57' title='bbox 909 1204 1042 1260; x_wconf 85' lang='lat' dir='ltr'>manem,</span> 
     </span>
    </p>

    <p class='ocr_par' dir='ltr' id='par_1_6' title="bbox 151 1280 822 1362">
     <span class='ocr_line' id='line_1_10' title="bbox 151 1280 822 1362; baseline 0.003 -22"><span class='ocrx_word' id='word_1_58' title='bbox 151 1350 152 1353; x_wconf 7' lang='grc' dir='ltr'><strong>Ἴ</strong></span> <span class='ocrx_word' id='word_1_59' title='bbox 187 1280 229 1340; x_wconf 87' lang='lat' dir='ltr'>Et</span> <span class='ocrx_word' id='word_1_60' title='bbox 241 1284 390 1343; x_wconf 85' lang='lat' dir='ltr'>desolatas</span> <span class='ocrx_word' id='word_1_61' title='bbox 403 1302 495 1362; x_wconf 83' lang='lat' dir='ltr'>agere</span> <span class='ocrx_word' id='word_1_62' title='bbox 509 1286 569 1345; x_wconf 84' lang='lat' dir='ltr'>alta</span> <span class='ocrx_word' id='word_1_63' title='bbox 582 1282 701 1343; x_wconf 87' lang='lat' dir='ltr'>silentia</span> <span class='ocrx_word' id='word_1_64' title='bbox 713 1296 822 1352; x_wconf 64' lang='lat' dir='ltr'>terram</span> 
     </span>
    </p>

    <p class='ocr_par' dir='ltr' id='par_1_7' title="bbox 187 1366 984 1453">
     <span class='ocr_line' id='line_1_11' title="bbox 187 1366 984 1453; baseline 0.005 -22"><span class='ocrx_word' id='word_1_65' title='bbox 187 1372 358 1433; x_wconf 80' lang='lat' dir='ltr'>Deucalion</span> <span class='ocrx_word' id='word_1_66' title='bbox 372 1366 536 1452; x_wconf 69' lang='lat' dir='ltr'>lacrymis</span> <span class='ocrx_word' id='word_1_67' title='bbox 527 1388 571 1437; x_wconf 82' lang='lat' dir='ltr'>sta</span> <span class='ocrx_word' id='word_1_68' title='bbox 584 1376 731 1453; x_wconf 87' lang='lat' dir='ltr'>Pyrrham</span> <span class='ocrx_word' id='word_1_69' title='bbox 740 1377 848 1434; x_wconf 82' lang='lat' dir='ltr'>affatur</span> <span class='ocrx_word' id='word_1_70' title='bbox 861 1373 984 1435; x_wconf 87' lang='lat' dir='ltr'>obortis·</span> 
     </span>
    </p>

    <p class='ocr_par' dir='ltr' id='par_1_8' title="bbox 189 1466 917 1545">
     <span class='ocr_line' id='line_1_12' title="bbox 189 1466 917 1545; baseline -0.004 -18"><span class='ocrx_word' id='word_1_71' title='bbox 189 1466 218 1527; x_wconf 89' lang='lat'>0</span> <span class='ocrx_word' id='word_1_72' title='bbox 230 1484 325 1536; x_wconf 87' lang='lat' dir='ltr'>soror,</span> <span class='ocrx_word' id='word_1_73' title='bbox 338 1471 358 1526; x_wconf 82' lang='lat' dir='ltr'>b</span> <span class='ocrx_word' id='word_1_74' title='bbox 370 1466 494 1545; x_wconf 83' lang='lat' dir='ltr'>conjux,</span> <span class='ocrx_word' id='word_1_75' title='bbox 507 1473 530 1527; x_wconf 80' lang='grc' dir='ltr'><strong>ὁ</strong></span> <span class='ocrx_word' id='word_1_76' title='bbox 540 1466 663 1528; x_wconf 83' lang='lat' dir='ltr'>loernina</span> <span class='ocrx_word' id='word_1_77' title='bbox 676 1470 739 1526; x_wconf 86' lang='lat' dir='ltr'>sola</span> <span class='ocrx_word' id='word_1_78' title='bbox 752 1476 917 1542; x_wconf 88' lang='lat' dir='ltr'>superstes,</span> 
     </span>
    </p>

    <p class='ocr_par' dir='ltr' id='par_1_9' title="bbox 188 1558 1009 1821">
     <span class='ocr_line' id='line_1_13' title="bbox 188 1558 1006 1639; baseline -0.001 -20"><span class='ocrx_word' id='word_1_79' title='bbox 188 1560 288 1633; x_wconf 85' lang='lat' dir='ltr'>Quam</span> <span class='ocrx_word' id='word_1_80' title='bbox 302 1577 467 1620; x_wconf 85' lang='lat' dir='ltr'>commune</span> <span class='ocrx_word' id='word_1_81' title='bbox 477 1558 554 1621; x_wconf 86' lang='lat' dir='ltr'>mihi</span> <span class='ocrx_word' id='word_1_82' title='bbox 566 1579 675 1639; x_wconf 84' lang='lat' dir='ltr'>genus,</span> <span class='ocrx_word' id='word_1_83' title='bbox 687 1572 718 1619; x_wconf 90' lang='lat' dir='ltr'>et</span> <span class='ocrx_word' id='word_1_84' title='bbox 727 1559 872 1636; x_wconf 88' lang='lat' dir='ltr'>patruelis</span> <span class='ocrx_word' id='word_1_85' title='bbox 884 1558 982 1638; x_wconf 81' lang='lat' dir='ltr'>origo,</span> <span class='ocrx_word' id='word_1_86' title='bbox 1003 1625 1006 1632; x_wconf 56' lang='grc'><em>,</em></span> 
     </span>
     <span class='ocr_line' id='line_1_14' title="bbox 188 1649 1009 1731; baseline 0.002 -23"><span class='ocrx_word' id='word_1_87' title='bbox 188 1649 308 1710; x_wconf 84' lang='lat' dir='ltr'>Deinde</span> <span class='ocrx_word' id='word_1_88' title='bbox 322 1662 407 1712; x_wconf 86' lang='lat' dir='ltr'>torus</span> <span class='ocrx_word' id='word_1_89' title='bbox 417 1651 528 1731; x_wconf 70' lang='lat' dir='ltr'>junnit3</span> <span class='ocrx_word' id='word_1_90' title='bbox 549 1670 630 1713; x_wconf 91' lang='lat' dir='ltr'>nunc</span> <span class='ocrx_word' id='word_1_91' title='bbox 642 1652 708 1729; x_wconf 85' lang='lat' dir='ltr'>ipsa</span> <span class='ocrx_word' id='word_1_92' title='bbox 719 1654 856 1728; x_wconf 87' lang='lat' dir='ltr'>pericula</span> <span class='ocrx_word' id='word_1_93' title='bbox 866 1652 1009 1731; x_wconf 79' lang='lat' dir='ltr'>jungunt:</span> 
     </span>
     <span class='ocr_line' id='line_1_15' title="bbox 188 1742 964 1821; baseline 0.001 -19"><span class='ocrx_word' id='word_1_94' title='bbox 188 1742 365 1815; x_wconf 81' lang='lat' dir='ltr'>Terrarum,</span> <span class='ocrx_word' id='word_1_95' title='bbox 377 1758 569 1821; x_wconf 85' lang='lat' dir='ltr'>quascunque</span> <span class='ocrx_word' id='word_1_96' title='bbox 582 1743 686 1801; x_wconf 89' lang='lat' dir='ltr'>vident</span> <span class='ocrx_word' id='word_1_97' title='bbox 694 1761 821 1801; x_wconf 83' lang='lat' dir='ltr'>occasus</span> <span class='ocrx_word' id='word_1_98' title='bbox 831 1757 863 1801; x_wconf 92' lang='lat' dir='ltr'>et</span> <span class='ocrx_word' id='word_1_99' title='bbox 871 1756 964 1814; x_wconf 87' lang='lat' dir='ltr'>ortus,</span> 
     </span>
    </p>

    <p class='ocr_par' dir='ltr' id='par_1_10' title="bbox 188 1835 971 1912">
     <span class='ocr_line' id='line_1_16' title="bbox 188 1835 971 1912; baseline 0 -17"><span class='ocrx_word' id='word_1_100' title='bbox 188 1836 255 1895; x_wconf 86' lang='lat' dir='ltr'>Nos</span> <span class='ocrx_word' id='word_1_101' title='bbox 268 1838 326 1899; x_wconf 86' lang='lat' dir='ltr'>doo</span> <span class='ocrx_word' id='word_1_102' title='bbox 339 1838 425 1897; x_wconf 83' lang='lat' dir='ltr'>turba</span> <span class='ocrx_word' id='word_1_103' title='bbox 438 1854 554 1897; x_wconf 86' lang='lat' dir='ltr'>sumus.</span> <span class='ocrx_word' id='word_1_104' title='bbox 575 1835 715 1895; x_wconf 83' lang='lat' dir='ltr'>Possedit</span> <span class='ocrx_word' id='word_1_105' title='bbox 727 1846 840 1900; x_wconf 84' lang='lat' dir='ltr'>caetera</span> <span class='ocrx_word' id='word_1_106' title='bbox 852 1848 971 1912; x_wconf 88' lang='lat' dir='ltr'>pontus.</span> 
     </span>
    </p>

    <p class='ocr_par' dir='ltr' id='par_1_11' title="bbox 189 1928 988 2092">
     <span class='ocr_line' id='line_1_17' title="bbox 189 1928 988 2007; baseline 0.003 -18"><span class='ocrx_word' id='word_1_107' title='bbox 189 1928 280 1989; x_wconf 91' lang='lat' dir='ltr'>Nunc</span> <span class='ocrx_word' id='word_1_108' title='bbox 294 1948 415 2007; x_wconf 83' lang='lat' dir='ltr'>quoque</span> <span class='ocrx_word' id='word_1_109' title='bbox 423 1930 526 1989; x_wconf 78' lang='lat' dir='ltr'>adhuc</span> <span class='ocrx_word' id='word_1_110' title='bbox 539 1928 608 1991; x_wconf 77' lang='lat' dir='ltr'>uitae</span> <span class='ocrx_word' id='word_1_111' title='bbox 621 1947 682 1989; x_wconf 88' lang='lat' dir='ltr'>non</span> <span class='ocrx_word' id='word_1_112' title='bbox 695 1940 741 1989; x_wconf 88' lang='lat' dir='ltr'>est</span> <span class='ocrx_word' id='word_1_113' title='bbox 754 1928 864 1990; x_wconf 81' lang='lat' dir='ltr'>fiducia</span> <span class='ocrx_word' id='word_1_114' title='bbox 876 1941 988 1991; x_wconf 84' lang='lat' dir='ltr'>nostrae</span> 
     </span>
     <span class='ocr_line' id='line_1_18' title="bbox 189 2022 963 2092; baseline 0.003 -11"><span class='ocrx_word' id='word_1_115' title='bbox 189 2022 283 2081; x_wconf 87' lang='lat' dir='ltr'>Certa</span> <span class='ocrx_word' id='word_1_116' title='bbox 296 2022 377 2092; x_wconf 87' lang='lat' dir='ltr'>satis;</span> <span class='ocrx_word' id='word_1_117' title='bbox 397 2032 512 2082; x_wconf 90' lang='lat' dir='ltr'>terrent</span> <span class='ocrx_word' id='word_1_118' title='bbox 525 2023 694 2083; x_wconf 80' lang='lat' dir='ltr'>etiamnum</span> <span class='ocrx_word' id='word_1_119' title='bbox 706 2023 807 2083; x_wconf 89' lang='lat' dir='ltr'>nubila</span> <span class='ocrx_word' id='word_1_120' title='bbox 817 2036 963 2086; x_wconf 83' lang='lat' dir='ltr'>mentem.</span> 
     </span>
    </p>

    <p class='ocr_par' dir='ltr' id='par_1_12' title="bbox 189 2114 1004 2378">
     <span class='ocr_line' id='line_1_19' title="bbox 190 2114 988 2193; baseline 0.004 -18"><span class='ocrx_word' id='word_1_121' title='bbox 190 2115 271 2188; x_wconf 85' lang='lat' dir='ltr'>Quid</span> <span class='ocrx_word' id='word_1_122' title='bbox 284 2114 348 2184; x_wconf 89' lang='lat' dir='ltr'>tibi,</span> <span class='ocrx_word' id='word_1_123' title='bbox 360 2114 385 2173; x_wconf 90' lang='lat' dir='ltr'>si</span> <span class='ocrx_word' id='word_1_124' title='bbox 400 2114 464 2176; x_wconf 87' lang='lat' dir='ltr'>sine</span> <span class='ocrx_word' id='word_1_125' title='bbox 478 2134 529 2176; x_wconf 85' lang='lat' dir='ltr'>me</span> <span class='ocrx_word' id='word_1_126' title='bbox 541 2116 610 2175; x_wconf 87' lang='lat' dir='ltr'>latis</span> <span class='ocrx_word' id='word_1_127' title='bbox 623 2128 729 2193; x_wconf 83' lang='lat' dir='ltr'>erepta</span> <span class='ocrx_word' id='word_1_128' title='bbox 738 2116 859 2189; x_wconf 85' lang='lat' dir='ltr'>luisses,</span> <span class='ocrx_word' id='word_1_129' title='bbox 984 2186 988 2191; x_wconf 21' lang='lat'><strong><em>¹</em></strong></span> 
     </span>
     <span class='ocr_line' id='line_1_20' title="bbox 189 2206 1004 2285; baseline 0 -16"><span class='ocrx_word' id='word_1_130' title='bbox 189 2208 283 2269; x_wconf 88' lang='lat' dir='ltr'>Nunc</span> <span class='ocrx_word' id='word_1_131' title='bbox 295 2206 397 2279; x_wconf 88' lang='lat' dir='ltr'>animi,</span> <span class='ocrx_word' id='word_1_132' title='bbox 406 2206 587 2282; x_wconf 77' lang='lat' dir='ltr'>miseranda,</span> <span class='ocrx_word' id='word_1_133' title='bbox 601 2208 691 2267; x_wconf 78' lang='lat' dir='ltr'>forcti</span> <span class='ocrx_word' id='word_1_134' title='bbox 712 2227 772 2285; x_wconf 92' lang='lat' dir='ltr'>quo</span> <span class='ocrx_word' id='word_1_135' title='bbox 785 2210 848 2269; x_wconf 91' lang='lat' dir='ltr'>sola</span> <span class='ocrx_word' id='word_1_136' title='bbox 859 2208 1004 2271; x_wconf 86' lang='lat' dir='ltr'>timorem</span> 
     </span>
     <span class='ocr_line' id='line_1_21' title="bbox 190 2296 923 2378; baseline -0.005 -17"><span class='ocrx_word' id='word_1_137' title='bbox 190 2300 286 2361; x_wconf 77' lang='lat' dir='ltr'>Ferre</span> <span class='ocrx_word' id='word_1_138' title='bbox 299 2296 388 2361; x_wconf 85' lang='lat' dir='ltr'>modo</span> <span class='ocrx_word' id='word_1_139' title='bbox 398 2299 516 2376; x_wconf 80' lang='lat' dir='ltr'>posses?</span> <span class='ocrx_word' id='word_1_140' title='bbox 536 2319 597 2378; x_wconf 90' lang='lat' dir='ltr'>quo</span> <span class='ocrx_word' id='word_1_141' title='bbox 608 2304 780 2361; x_wconf 78' lang='lat' dir='ltr'>consolante</span> <span class='ocrx_word' id='word_1_142' title='bbox 792 2300 923 2361; x_wconf 73' lang='lat' dir='ltr'>dolores?</span> 
     </span>
    </p>

    <p class='ocr_par' dir='ltr' id='par_1_13' title="bbox 189 2392 1149 2841">
     <span class='ocr_line' id='line_1_22' title="bbox 189 2392 1089 2474; baseline 0.004 -21"><span class='ocrx_word' id='word_1_143' title='bbox 189 2395 332 2473; x_wconf 88' lang='lat' dir='ltr'>Namque</span> <span class='ocrx_word' id='word_1_144' title='bbox 344 2412 406 2473; x_wconf 78' lang='lat' dir='ltr'>ego</span> <span class='ocrx_word' id='word_1_145' title='bbox 421 2392 527 2472; x_wconf 88' lang='lat' dir='ltr'>(crede</span> <span class='ocrx_word' id='word_1_146' title='bbox 541 2394 634 2474; x_wconf 78' lang='lat' dir='ltr'>mihi)</span> <span class='ocrx_word' id='word_1_147' title='bbox 646 2395 672 2453; x_wconf 95' lang='lat' dir='ltr'>si</span> <span class='ocrx_word' id='word_1_148' title='bbox 684 2405 715 2454; x_wconf 92' lang='lat' dir='ltr'>te</span> <span class='ocrx_word' id='word_1_149' title='bbox 729 2396 819 2455; x_wconf 88' lang='lat' dir='ltr'>modo</span> <span class='ocrx_word' id='word_1_150' title='bbox 832 2405 941 2471; x_wconf 88' lang='lat' dir='ltr'>pontus</span> <span class='ocrx_word' id='word_1_151' title='bbox 954 2396 1089 2465; x_wconf 80' lang='lat' dir='ltr'>haberet,</span> 
     </span>
     <span class='ocr_line' id='line_1_23' title="bbox 191 2472 1149 2567; baseline 0.002 -21"><span class='ocrx_word' id='word_1_152' title='bbox 191 2487 239 2546; x_wconf 89' lang='lat' dir='ltr'>Te</span> <span class='ocrx_word' id='word_1_153' title='bbox 253 2506 408 2565; x_wconf 85' lang='lat' dir='ltr'>sequerer,</span> <span class='ocrx_word' id='word_1_154' title='bbox 420 2472 543 2567; x_wconf 77' lang='lat' dir='ltr'>conjux,</span> <span class='ocrx_word' id='word_1_155' title='bbox 556 2499 587 2550; x_wconf 91' lang='lat' dir='ltr'>et</span> <span class='ocrx_word' id='word_1_156' title='bbox 600 2509 652 2549; x_wconf 89' lang='lat' dir='ltr'>me</span> <span class='ocrx_word' id='word_1_157' title='bbox 665 2508 787 2567; x_wconf 88' lang='lat' dir='ltr'>quoque</span> <span class='ocrx_word' id='word_1_158' title='bbox 801 2502 910 2564; x_wconf 86' lang='lat' dir='ltr'>pontus</span> <span class='ocrx_word' id='word_1_159' title='bbox 924 2491 1055 2548; x_wconf 79' lang='lat' dir='ltr'>haberet</span> <span class='ocrx_word' id='word_1_160' title='bbox 1143 2514 1149 2518; x_wconf 85' lang='grc'><em>·</em></span> 
     </span>
     <span class='ocr_line' id='line_1_24' title="bbox 191 2578 945 2658; baseline 0 -19"><span class='ocrx_word' id='word_1_161' title='bbox 191 2579 222 2639; x_wconf 92' lang='lat' dir='ltr'>O</span> <span class='ocrx_word' id='word_1_162' title='bbox 234 2578 351 2638; x_wconf 89' lang='lat' dir='ltr'>utinam</span> <span class='ocrx_word' id='word_1_163' title='bbox 365 2599 487 2657; x_wconf 81' lang='lat' dir='ltr'>possem</span> <span class='ocrx_word' id='word_1_164' title='bbox 500 2584 630 2657; x_wconf 90' lang='lat' dir='ltr'>populos</span> <span class='ocrx_word' id='word_1_165' title='bbox 642 2600 784 2658; x_wconf 82' lang='lat' dir='ltr'>reparare</span> <span class='ocrx_word' id='word_1_166' title='bbox 797 2580 945 2657; x_wconf 31' lang='lat' dir='ltr'>paternis·</span> 
     </span>
     <span class='ocr_line' id='line_1_25' title="bbox 190 2670 994 2748; baseline 0 -17"><span class='ocrx_word' id='word_1_167' title='bbox 190 2670 326 2742; x_wconf 80' lang='lat' dir='ltr'>Artibus,</span> <span class='ocrx_word' id='word_1_168' title='bbox 339 2684 428 2748; x_wconf 90' lang='lat' dir='ltr'>atque</span> <span class='ocrx_word' id='word_1_169' title='bbox 441 2672 709 2734; x_wconf 83' lang='lat' dir='ltr'>animasforroatae</span> <span class='ocrx_word' id='word_1_170' title='bbox 723 2674 881 2735; x_wconf 82' lang='lat' dir='ltr'>infundere</span> <span class='ocrx_word' id='word_1_171' title='bbox 892 2672 994 2735; x_wconf 81' lang='lat' dir='ltr'>terrae!</span> 
     </span>
     <span class='ocr_line' id='line_1_26' title="bbox 190 2763 922 2841; baseline 0.004 -18"><span class='ocrx_word' id='word_1_172' title='bbox 190 2764 283 2823; x_wconf 86' lang='lat' dir='ltr'>Nune</span> <span class='ocrx_word' id='word_1_173' title='bbox 298 2780 394 2841; x_wconf 81' lang='lat' dir='ltr'>genus</span> <span class='ocrx_word' id='word_1_174' title='bbox 406 2763 437 2823; x_wconf 91' lang='lat' dir='ltr'>in</span> <span class='ocrx_word' id='word_1_175' title='bbox 449 2764 536 2823; x_wconf 89' lang='lat' dir='ltr'>nobis</span> <span class='ocrx_word' id='word_1_176' title='bbox 549 2777 641 2825; x_wconf 84' lang='lat' dir='ltr'>restat</span> <span class='ocrx_word' id='word_1_177' title='bbox 653 2770 781 2825; x_wconf 79' lang='lat' dir='ltr'>mortale</span> <span class='ocrx_word' id='word_1_178' title='bbox 793 2769 922 2838; x_wconf 85' lang='lat' dir='ltr'>duobus,</span> 
     </span>
    </p>

    <p class='ocr_par' dir='ltr' id='par_1_14' title="bbox 191 2854 1095 3028">
     <span class='ocr_line' id='line_1_27' title="bbox 191 2854 1095 2951; baseline 0.004 -38"><span class='ocrx_word' id='word_1_179' title='bbox 191 2854 299 2934; x_wconf 90' lang='lat' dir='ltr'>(Sic</span> <span class='ocrx_word' id='word_1_180' title='bbox 272 2874 370 2916; x_wconf 83' lang='lat' dir='ltr'>ursum</span> <span class='ocrx_word' id='word_1_181' title='bbox 386 2856 526 2936; x_wconf 88' lang='lat' dir='ltr'>Superis)</span> <span class='ocrx_word' id='word_1_182' title='bbox 540 2858 758 2935; x_wconf 86' lang='lat' dir='ltr'>bominumque</span> <span class='ocrx_word' id='word_1_183' title='bbox 771 2862 916 2937; x_wconf 85' lang='lat' dir='ltr'>exempla</span> <span class='ocrx_word' id='word_1_184' title='bbox 925 2875 1095 2951; x_wconf 80' lang='lat' dir='ltr'>manemus.</span> 
     </span>
     <span class='ocr_line' id='line_1_28' title="bbox 192 2948 914 3028; baseline 0.006 -21"><span class='ocrx_word' id='word_1_185' title='bbox 192 2948 330 3016; x_wconf 85' lang='lat' dir='ltr'>Dixerat,</span> <span class='ocrx_word' id='word_1_186' title='bbox 341 2960 373 3006; x_wconf 89' lang='lat' dir='ltr'>et</span> <span class='ocrx_word' id='word_1_187' title='bbox 386 2949 504 3009; x_wconf 84' lang='lat' dir='ltr'>flebant</span> <span class='ocrx_word' id='word_1_188' title='bbox 525 2952 646 3013; x_wconf 81' lang='lat' dir='ltr'>Placuit</span> <span class='ocrx_word' id='word_1_189' title='bbox 658 2955 781 3015; x_wconf 85' lang='lat' dir='ltr'>coeleste</span> <span class='ocrx_word' id='word_1_190' title='bbox 795 2953 914 3028; x_wconf 89' lang='lat' dir='ltr'>precari</span> 
     </span>
    </p>

    <p class='ocr_par' dir='ltr' id='par_1_15' title="bbox 192 3040 986 3118">
     <span class='ocr_line' id='line_1_29' title="bbox 192 3040 986 3118; baseline 0.004 -20"><span class='ocrx_word' id='word_1_191' title='bbox 192 3040 327 3106; x_wconf 89' lang='lat' dir='ltr'>Numen,</span> <span class='ocrx_word' id='word_1_192' title='bbox 341 3050 372 3095; x_wconf 91' lang='lat' dir='ltr'>et</span> <span class='ocrx_word' id='word_1_193' title='bbox 383 3040 533 3097; x_wconf 86' lang='lat' dir='ltr'>auxilium</span> <span class='ocrx_word' id='word_1_194' title='bbox 546 3060 602 3115; x_wconf 91' lang='lat' dir='ltr'>per</span> <span class='ocrx_word' id='word_1_195' title='bbox 614 3062 715 3118; x_wconf 76' lang='lat' dir='ltr'>sacras</span> <span class='ocrx_word' id='word_1_196' title='bbox 729 3063 867 3117; x_wconf 83' lang='lat' dir='ltr'>quaerere</span> <span class='ocrx_word' id='word_1_197' title='bbox 881 3055 986 3101; x_wconf 88' lang='lat' dir='ltr'>sortes.</span> 
     </span>
    </p>

    <p class='ocr_par' dir='ltr' id='par_1_16' title="bbox 191 3130 1003 3209">
     <span class='ocr_line' id='line_1_30' title="bbox 191 3130 1003 3209; baseline 0 -18"><span class='ocrx_word' id='word_1_198' title='bbox 191 3131 287 3191; x_wconf 83' lang='lat' dir='ltr'>Nulla</span> <span class='ocrx_word' id='word_1_199' title='bbox 299 3144 382 3187; x_wconf 79' lang='lat' dir='ltr'>mora</span> <span class='ocrx_word' id='word_1_200' title='bbox 395 3141 450 3198; x_wconf 86' lang='lat' dir='ltr'>est;</span> <span class='ocrx_word' id='word_1_201' title='bbox 465 3130 575 3189; x_wconf 87' lang='lat' dir='ltr'>adeunt</span> <span class='ocrx_word' id='word_1_202' title='bbox 587 3132 700 3207; x_wconf 82' lang='lat' dir='ltr'>pariter</span> <span class='ocrx_word' id='word_1_203' title='bbox 713 3132 892 3209; x_wconf 85' lang='lat' dir='ltr'>Cephisidas</span> <span class='ocrx_word' id='word_1_204' title='bbox 901 3136 1003 3204; x_wconf 89' lang='lat' dir='ltr'>undas,</span> 
     </span>
    </p>

    <p class='ocr_par' dir='ltr' id='par_1_17' title="bbox 192 3218 996 3304">
     <span class='ocr_line' id='line_1_31' title="bbox 192 3218 996 3304; baseline -0.002 -20"><span class='ocrx_word' id='word_1_205' title='bbox 192 3222 234 3284; x_wconf 85' lang='lat' dir='ltr'>Et</span> <span class='ocrx_word' id='word_1_206' title='bbox 244 3221 379 3279; x_wconf 91' lang='lat' dir='ltr'>nondum</span> <span class='ocrx_word' id='word_1_207' title='bbox 388 3218 528 3298; x_wconf 86' lang='lat' dir='ltr'>liquidas,</span> <span class='ocrx_word' id='word_1_208' title='bbox 537 3242 594 3283; x_wconf 87' lang='lat' dir='ltr'>nec</span> <span class='ocrx_word' id='word_1_209' title='bbox 605 3224 670 3304; x_wconf 86' lang='lat' dir='ltr'>jam</span> <span class='ocrx_word' id='word_1_210' title='bbox 681 3226 755 3283; x_wconf 82' lang='lat' dir='ltr'>rada</span> <span class='ocrx_word' id='word_1_211' title='bbox 766 3239 838 3285; x_wconf 89' lang='lat' dir='ltr'>nota</span> <span class='ocrx_word' id='word_1_212' title='bbox 850 3235 996 3286; x_wconf 87' lang='lat' dir='ltr'>secantes.</span> 
     </span>
    </p>

    <p class='ocr_par' dir='ltr' id='par_1_18' title="bbox 193 3312 784 3394">
     <span class='ocr_line' id='line_1_32' title="bbox 193 3312 784 3394; baseline 0.007 -21"><span class='ocrx_word' id='word_1_213' title='bbox 193 3314 268 3373; x_wconf 87' lang='lat' dir='ltr'>Inde</span> <span class='ocrx_word' id='word_1_214' title='bbox 282 3312 335 3372; x_wconf 90' lang='lat' dir='ltr'>ubi</span> <span class='ocrx_word' id='word_1_215' title='bbox 347 3314 456 3375; x_wconf 88' lang='lat' dir='ltr'>libatos</span> <span class='ocrx_word' id='word_1_216' title='bbox 470 3313 637 3377; x_wconf 72' lang='lat' dir='ltr'>irroraverat</span> <span class='ocrx_word' id='word_1_217' title='bbox 652 3321 784 3394; x_wconf 88' lang='lat' dir='ltr'>liquores</span> 
     </span>
    </p>
   </div>
   <div class='ocr_carea' id='block_1_3' title="bbox 95 3406 905 3490">
    <p class='ocr_par' dir='ltr' id='par_1_19' title="bbox 95 3406 905 3490">
     <span class='ocr_line' id='line_1_33' title="bbox 95 3406 905 3490; baseline 0.011 -26"><span class='ocrx_word' id='word_1_218' title='bbox 95 3469 100 3485; x_wconf 43' lang='grc' dir='ltr'><strong><em>Ι</em></strong></span> <span class='ocrx_word' id='word_1_219' title='bbox 193 3406 339 3467; x_wconf 85' lang='lat' dir='ltr'>Vestibus</span> <span class='ocrx_word' id='word_1_220' title='bbox 353 3420 386 3467; x_wconf 84' lang='lat' dir='ltr'>et</span> <span class='ocrx_word' id='word_1_221' title='bbox 398 3408 498 3485; x_wconf 86' lang='lat' dir='ltr'>capiti,</span> <span class='ocrx_word' id='word_1_222' title='bbox 518 3410 644 3474; x_wconf 87' lang='lat' dir='ltr'>flectunt</span> <span class='ocrx_word' id='word_1_223' title='bbox 654 3412 784 3490; x_wconf 86' lang='lat' dir='ltr'>vestigia</span> <span class='ocrx_word' id='word_1_224' title='bbox 796 3425 905 3486; x_wconf 79' lang='lat' dir='ltr'>sanctae</span> 
     </span>
    </p>
   </div>
   <div class='ocr_carea' id='block_1_4' title="bbox 193 3500 1013 3777">
    <p class='ocr_par' dir='ltr' id='par_1_20' title="bbox 193 3500 1013 3777">
     <span class='ocr_line' id='line_1_34' title="bbox 194 3500 849 3584; baseline 0.006 -25"><span class='ocrx_word' id='word_1_225' title='bbox 194 3501 243 3560; x_wconf 81' lang='lat' dir='ltr'>nd</span> <span class='ocrx_word' id='word_1_226' title='bbox 252 3503 376 3561; x_wconf 87' lang='lat' dir='ltr'>delubra</span> <span class='ocrx_word' id='word_1_227' title='bbox 388 3500 475 3574; x_wconf 87' lang='lat' dir='ltr'>Deae;</span> <span class='ocrx_word' id='word_1_228' title='bbox 496 3516 624 3580; x_wconf 90' lang='lat' dir='ltr'>quorum</span> <span class='ocrx_word' id='word_1_229' title='bbox 637 3502 755 3584; x_wconf 68' lang='lat' dir='ltr'>bstigia</span> <span class='ocrx_word' id='word_1_230' title='bbox 768 3504 849 3581; x_wconf 87' lang='lat' dir='ltr'>turpi</span> 
     </span>
     <span class='ocr_line' id='line_1_35' title="bbox 193 3594 1013 3678; baseline 0.004 -26"><span class='ocrx_word' id='word_1_231' title='bbox 193 3594 387 3671; x_wconf 85' lang='lat' dir='ltr'>Squallebaut</span> <span class='ocrx_word' id='word_1_232' title='bbox 401 3616 516 3668; x_wconf 73' lang='lat' dir='ltr'>musam</span> <span class='ocrx_word' id='word_1_233' title='bbox 537 3600 711 3678; x_wconf 78' lang='lat' dir='ltr'>stabantque</span> <span class='ocrx_word' id='word_1_234' title='bbox 727 3600 791 3659; x_wconf 86' lang='lat' dir='ltr'>sine</span> <span class='ocrx_word' id='word_1_235' title='bbox 808 3598 929 3675; x_wconf 83' lang='lat' dir='ltr'>ignibus</span> <span class='ocrx_word' id='word_1_236' title='bbox 941 3616 1013 3659; x_wconf 83' lang='lat' dir='ltr'>arae.</span> 
     </span>
     <span class='ocr_line' id='line_1_36' title="bbox 196 3688 954 3777; baseline 0.004 -30"><span class='ocrx_word' id='word_1_237' title='bbox 196 3689 239 3747; x_wconf 91' lang='lat' dir='ltr'>Ut</span> <span class='ocrx_word' id='word_1_238' title='bbox 251 3688 357 3777; x_wconf 77' lang='lat' dir='ltr'>templi</span> <span class='ocrx_word' id='word_1_239' title='bbox 369 3690 498 3769; x_wconf 84' lang='lat' dir='ltr'>tetigere</span> <span class='ocrx_word' id='word_1_240' title='bbox 509 3694 629 3771; x_wconf 84' lang='lat' dir='ltr'>gradus,</span> <span class='ocrx_word' id='word_1_241' title='bbox 643 3691 814 3771; x_wconf 89' lang='lat' dir='ltr'>procumbit</span> <span class='ocrx_word' id='word_1_242' title='bbox 825 3703 954 3771; x_wconf 87' lang='lat' dir='ltr'>uterque</span> 
     </span>
    </p>
   </div>
   <div class='ocr_carea' id='block_1_5' title="bbox 0 0 1239 4009">
    <p class='ocr_par' dir='ltr' id='par_1_21' title="bbox 0 0 1239 4009">
     <span class='ocr_line' id='line_1_37' title="bbox 0 0 1239 4009; baseline 0 0"><span class='ocrx_word' id='word_1_243' title='bbox 0 0 1239 4009; x_wconf 95' lang='lat' dir='ltr'> </span> 
     </span>
    </p>
   </div>
  </div>
 </body>
</html>
