2450 4009
454 362 534 423 Llll.
548 364 572 423 1.
593 364 684 426 ΕΑΒ.
699 365 756 425 ΙΧ.
976 418 987 431 ,
1007 376 1070 443 -17

136 512 264 585 Aspera,
275 526 335 584 que
346 525 499 585 properas,
511 511 576 567 loca
589 521 669 569 sunt.
689 507 874 568 Modertttiut
886 530 949 582 orn,

134 604 245 669 Curre,
258 600 421 677 fugamque
433 600 546 660 inhibe:
567 600 750 661 moderatius
760 602 986 679 insequaripte.

133 696 195 755 Cui
206 696 323 769 plaeere
333 694 452 769 inquire
463 706 574 753 tamen.
595 696 665 753 Non
679 694 777 753 incola
789 694 911 766 montis,

134 791 207 849 Non
215 808 273 865 ego
283 806 352 847 sum
366 798 477 862 pastor:
497 806 556 845 non
568 790 617 845 hic
629 800 766 846 armentu
778 804 929 863 gregesre

134 884 286 943 Horridus
300 886 435 943 observo.
456 882 575 950 Nescis,
586 880 759 950 temeraria,
770 880 869 940 nescir
923 898 927 906 ·

135 978 235 1049 Quem
246 975 354 1053 fugias:
375 974 503 1052 ideoque
520 974 612 1051 fugis.
636 974 716 1033 Mihi
730 974 882 1049 Delphica
893 976 995 1046 tellus,

137 1068 176 1127 Et
186 1070 302 1137 Claros,
315 1080 346 1127 et
360 1068 510 1136 Tenedos,
525 1069 715 1143 Patareaque
730 1066 815 1143 regia
828 1068 929 1129 servit.

136 1162 254 1237 Jupiter
266 1173 311 1219 est
325 1161 459 1239 genitor,
473 1164 532 1219 Per
543 1179 593 1219 me
607 1163 688 1236 quod
702 1158 830 1236 eritque,
840 1161 967 1237 fuitque,

134 1255 262 1329 Estque,
273 1264 365 1330 petere
387 1270 504 1329 perine
518 1255 698 1313 cuncordent
711 1254 845 1313 earmina
855 1252 967 1313 nervis.

134 1348 226 1407 Certa
238 1345 362 1423 quidem
375 1356 476 1405 nostra
487 1357 543 1405 esti
563 1358 663 1405 nostra
675 1357 776 1405 tumen
789 1364 849 1405 uua
860 1345 968 1425 sagitte

134 1438 266 1508 Certior,
279 1440 308 1497 in
323 1456 416 1497 vacuo
428 1458 495 1516 quae
510 1440 634 1498 vulnera
646 1449 767 1514 pectore
780 1437 862 1498 fecit.

135 1530 296 1590 Inventum
310 1530 458 1591 medicina
471 1548 576 1589 meum
590 1545 648 1598 esu
666 1530 825 1605 opiferque
839 1547 896 1603 per
907 1530 1014 1589 orbem

135 1622 238 1690 Dicor;
258 1626 289 1679 et
301 1623 463 1679 herbarum
477 1620 616 1697 subjecte
628 1619 762 1695 potentia
774 1618 867 1679 nobis.
893 1644 908 1685 ο
1057 1624 1062 1631 ’

135 1714 196 1773 Hei
207 1712 295 1778 mihi,
304 1713 384 1787 quod
396 1714 486 1771 nullis
498 1730 584 1771 amor
596 1724 643 1770 est
654 1710 841 1771 medicabilis
852 1712 966 1784 herbirq

134 1808 202 1867 Nec
215 1818 344 1883 prosunt
353 1806 482 1874 domino,
496 1822 564 1871 quae
575 1813 701 1879 prosunt
710 1804 860 1874 omnibus,
871 1805 964 1865 ertee!

135 1902 225 1959 Plura
237 1902 407 1959 locuturum
421 1897 528 1956 timido
540 1898 653 1955 Peneia
668 1914 758 1954 cursu
815 1914 819 1922 ⁴
856 1923 860 1930 ·

136 1991 235 2069 Fugit,
249 2008 381 2066 cumque
393 1989 460 2065 ipso
474 1990 563 2047 verbu
573 1988 753 2063 imperfecta
765 1986 897 2064 reliquit.

137 2082 220 2141 Tum
234 2102 353 2159 quoque
368 2081 429 2141 visa
444 2082 563 2140 decens.
585 2082 742 2140 Nudabant
755 2099 879 2157 corpora
891 2082 999 2155 renti,

137 2176 291 2251 Obviaque
305 2176 443 2257 adversus
458 2172 607 2233 vibrabant
620 2171 741 2232 flamina
751 2186 863 2243 ventem

137 2270 175 2329 Et
188 2267 263 2327 levis
276 2266 414 2343 impexos
428 2280 509 2325 retro
519 2268 603 2326 dabat
617 2285 690 2325 aure
702 2266 835 2343 capillos:

136 2362 295 2436 Antraque
309 2360 405 2419 forma
416 2360 487 2436 fuga
499 2373 555 2419 eet.
576 2360 638 2417 Sed
653 2359 736 2417 enim
747 2377 806 2415 non
822 2356 949 2417 sustinet
961 2361 1038 2419 ultra

132 2456 267 2513 Perdere
280 2452 438 2531 blandities
449 2451 571 2531 juvenis
587 2453 684 2508 Densi
706 2462 799 2523 utque
811 2454 948 2511 movebat

136 2546 203 2621 lpse
217 2565 309 2615 amor,
321 2543 455 2609 admisso
470 2542 609 2619 sequitur
622 2540 751 2619 vestigia
769 2560 868 2618 passu.

135 2639 179 2696 Ut
192 2636 274 2694 canis
286 2636 318 2695 in
334 2654 428 2695 vacuo
443 2640 577 2713 leporem
592 2655 661 2694 cum
676 2634 815 2693 Gallicus
828 2654 898 2693 arvo

135 2728 231 2798 viuiq
254 2741 284 2789 et
297 2728 346 2785 hie
359 2730 489 2803 praedam
501 2730 626 2804 pedibus
641 2728 725 2803 petit,
738 2728 790 2786 ille
806 2731 942 2795 salutern,

137 2822 223 2879 Alter
236 2820 389 2881 inhaesuro
403 2821 521 2889 similis,
532 2822 595 2899 jum
608 2822 734 2899 jamque
749 2833 854 2880 tenere

137 2914 249 2989 Sperat,
264 2926 294 2971 et
306 2925 429 2971 extento
441 2914 563 2989 stringit
576 2912 705 2984 vestigia
717 2924 825 2968 rostro:

136 3008 222 3065 Alter
234 3006 264 3063 in
280 3002 422 3083 ambiguo
435 3014 492 3073 est,
505 3018 542 3061 an
556 3004 594 3064 sit
605 3006 780 3078 deprensus,
792 3004 905 3081 etipeir

135 3098 287 3158 Mortibus
302 3096 439 3173 eripitur,
451 3088 665 3174 tangentiaque
677 3110 731 3153 ora
739 3084 896 3176 relinquit:

135 3189 185 3249 sic
200 3192 286 3249 Deus
297 3201 328 3250 et
341 3190 426 3265 virgo
439 3202 496 3248 est:
520 3190 569 3247 hic
582 3208 636 3267 spe
647 3192 739 3258 celer,
751 3191 803 3249 illa
815 3191 936 3250 timore.

135 3282 196 3357 Qui
205 3296 307 3342 tumen
321 3282 497 3357 insequitur,
513 3284 618 3356 pennis
631 3284 749 3359 adjutus
762 3284 896 3353 Amoris,

137 3377 230 3437 Ocior
242 3386 299 3447 est,
313 3363 508 3451 requiemque
522 3369 789 3451 negut3'tergoque
799 3373 905 3449 ¹fugaci
936 3384 953 3437 s

136 3470 289 3537 Immineu
310 3478 340 3527 et
354 3467 467 3533 crinem
483 3486 620 3543 sparsum
634 3465 803 3526 cervicibus
816 3464 915 3533 afflat,

136 3562 261 3621 Viribus
270 3560 577 3647 ,absumtis'enpalluit
589 3561 651 3619 illa:
674 3558 804 3632 citaeque
865 3573 892 3625 ·,

136 3655 225 3715 Victa
238 3652 448 3761 luburelugae,
460 3644 597 3730 spectans
612 3651 762 3718 Peneidas
774 3644 876 3786 {⁰3³⁹
