<?xml version="1.0" encoding="UTF-8"?>
<!DOCTYPE html PUBLIC "-//W3C//DTD XHTML 1.0 Transitional//EN"
    "http://www.w3.org/TR/xhtml1/DTD/xhtml1-transitional.dtd">
<html xmlns="http://www.w3.org/1999/xhtml" xml:lang="en" lang="en">
 <head>
  <title>
</title>
<meta http-equiv="Content-Type" content="text/html;charset=utf-8" />
  <meta name='ocr-system' content='tesseract 3.04.00' />
  <meta name='ocr-capabilities' content='ocr_page ocr_carea ocr_par ocr_line ocrx_word'/>
</head>
<body>
  <div class='ocr_page' id='page_1' title='image "./decerptaexpovid00willgoog_0028.png"; bbox 0 0 2450 4009; ppageno 0'>
   <div class='ocr_carea' id='block_1_1' title="bbox 408 358 730 420">
    <p class='ocr_par' dir='ltr' id='par_1_1' title="bbox 408 358 730 420">
     <span class='ocr_line' id='line_1_1' title="bbox 408 358 730 420; baseline -0.006 -1"><span class='ocrx_word' id='word_1_1' title='bbox 408 358 488 419; x_wconf 85' lang='lat' dir='ltr'><strong>LIB.</strong></span> <span class='ocrx_word' id='word_1_2' title='bbox 504 358 529 418; x_wconf 86' lang='lat' dir='ltr'>l.</span> <span class='ocrx_word' id='word_1_3' title='bbox 548 360 642 419; x_wconf 75' lang='lat' dir='ltr'>Fau.</span> <span class='ocrx_word' id='word_1_4' title='bbox 655 360 730 420; x_wconf 85' lang='lat' dir='ltr'>vll.</span> 
     </span>
    </p>
   </div>
   <div class='ocr_carea' id='block_1_2' title="bbox 36 502 962 3542">
    <p class='ocr_par' dir='ltr' id='par_1_2' title="bbox 97 502 935 1139">
     <span class='ocr_line' id='line_1_2' title="bbox 99 502 761 580; baseline -0.005 -15"><span class='ocrx_word' id='word_1_5' title='bbox 99 504 200 567; x_wconf 80' lang='lat' dir='ltr'><strong>Crura</strong></span> <span class='ocrx_word' id='word_1_6' title='bbox 214 520 272 563; x_wconf 85' lang='lat' dir='ltr'>nec</span> <span class='ocrx_word' id='word_1_7' title='bbox 286 502 382 561; x_wconf 86' lang='lat' dir='ltr'>ablato</span> <span class='ocrx_word' id='word_1_8' title='bbox 393 514 520 580; x_wconf 83' lang='lat' dir='ltr'><strong>prosunt</strong></span> <span class='ocrx_word' id='word_1_9' title='bbox 534 502 651 563; x_wconf 82' lang='lat' dir='ltr'>velocia</span> <span class='ocrx_word' id='word_1_10' title='bbox 662 522 761 565; x_wconf 83' lang='lat' dir='ltr'>cerro.</span> 
     </span>
     <span class='ocr_line' id='line_1_3' title="bbox 99 594 774 672; baseline 0.003 -17"><span class='ocrx_word' id='word_1_11' title='bbox 99 594 373 672; x_wconf 83' lang='lat' dir='ltr'>Quaesitisquediu</span> <span class='ocrx_word' id='word_1_12' title='bbox 387 596 487 667; x_wconf 88' lang='lat' dir='ltr'>terris,</span> <span class='ocrx_word' id='word_1_13' title='bbox 500 596 551 655; x_wconf 88' lang='lat' dir='ltr'>ubi</span> <span class='ocrx_word' id='word_1_14' title='bbox 563 596 664 656; x_wconf 81' lang='lat' dir='ltr'>sidere</span> <span class='ocrx_word' id='word_1_15' title='bbox 677 598 774 669; x_wconf 87' lang='lat' dir='ltr'>detor,</span> 
     </span>
     <span class='ocr_line' id='line_1_4' title="bbox 98 688 876 767; baseline 0.001 -21"><span class='ocrx_word' id='word_1_16' title='bbox 98 688 139 748; x_wconf 87' lang='lat' dir='ltr'>In</span> <span class='ocrx_word' id='word_1_17' title='bbox 153 707 238 749; x_wconf 86' lang='lat' dir='ltr'>mare</span> <span class='ocrx_word' id='word_1_18' title='bbox 252 690 368 748; x_wconf 88' lang='lat' dir='ltr'>lassatis</span> <span class='ocrx_word' id='word_1_19' title='bbox 381 690 510 749; x_wconf 91' lang='lat' dir='ltr'>volucris</span> <span class='ocrx_word' id='word_1_20' title='bbox 525 709 602 767; x_wconf 85' lang='lat' dir='ltr'>vaga</span> <span class='ocrx_word' id='word_1_21' title='bbox 615 688 727 749; x_wconf 84' lang='lat' dir='ltr'>decidit</span> <span class='ocrx_word' id='word_1_22' title='bbox 740 689 806 749; x_wconf 85' lang='lat' dir='ltr'>alis.</span> <span class='ocrx_word' id='word_1_23' title='bbox 871 758 876 763; x_wconf 83' lang='lat'>.</span> 
     </span>
     <span class='ocr_line' id='line_1_5' title="bbox 98 780 808 859; baseline -0.003 -16"><span class='ocrx_word' id='word_1_24' title='bbox 98 784 254 843; x_wconf 77' lang='lat' dir='ltr'>Obruerat</span> <span class='ocrx_word' id='word_1_25' title='bbox 267 784 401 841; x_wconf 91' lang='lat' dir='ltr'>tumulos</span> <span class='ocrx_word' id='word_1_26' title='bbox 415 780 565 841; x_wconf 88' lang='lat' dir='ltr'>immensa</span> <span class='ocrx_word' id='word_1_27' title='bbox 577 780 701 841; x_wconf 76' lang='lat' dir='ltr'>licentia</span> <span class='ocrx_word' id='word_1_28' title='bbox 712 783 808 859; x_wconf 89' lang='lat' dir='ltr'>ponti,</span> 
     </span>
     <span class='ocr_line' id='line_1_6' title="bbox 97 873 859 950; baseline -0.003 -16"><span class='ocrx_word' id='word_1_29' title='bbox 97 877 321 950; x_wconf 87' lang='lat' dir='ltr'>Pulsabantque</span> <span class='ocrx_word' id='word_1_30' title='bbox 335 874 406 932; x_wconf 93' lang='lat' dir='ltr'>novi</span> <span class='ocrx_word' id='word_1_31' title='bbox 420 882 559 933; x_wconf 87' lang='lat' dir='ltr'>montana</span> <span class='ocrx_word' id='word_1_32' title='bbox 569 873 726 933; x_wconf 84' lang='lat' dir='ltr'>cacumina</span> <span class='ocrx_word' id='word_1_33' title='bbox 739 875 859 935; x_wconf 84' lang='lat' dir='ltr'>fluctus.</span> 
     </span>
     <span class='ocr_line' id='line_1_7' title="bbox 97 967 935 1049; baseline 0.002 -22"><span class='ocrx_word' id='word_1_34' title='bbox 97 967 241 1027; x_wconf 83' lang='lat' dir='ltr'>Maxima</span> <span class='ocrx_word' id='word_1_35' title='bbox 252 986 324 1043; x_wconf 85' lang='lat' dir='ltr'>pars</span> <span class='ocrx_word' id='word_1_36' title='bbox 338 969 415 1027; x_wconf 87' lang='lat' dir='ltr'>unda</span> <span class='ocrx_word' id='word_1_37' title='bbox 427 967 551 1043; x_wconf 80' lang='lat' dir='ltr'><strong>rapitur:</strong></span> <span class='ocrx_word' id='word_1_38' title='bbox 573 967 682 1045; x_wconf 88' lang='lat' dir='ltr'>quihus</span> <span class='ocrx_word' id='word_1_39' title='bbox 695 969 775 1027; x_wconf 85' lang='lat' dir='ltr'>unda</span> <span class='ocrx_word' id='word_1_40' title='bbox 786 968 935 1049; x_wconf 82' lang='lat' dir='ltr'>pepercit,</span> 
     </span>
     <span class='ocr_line' id='line_1_8' title="bbox 98 1059 739 1139; baseline -0.002 -20"><span class='ocrx_word' id='word_1_41' title='bbox 98 1062 178 1119; x_wconf 88' lang='lat' dir='ltr'>Illos</span> <span class='ocrx_word' id='word_1_42' title='bbox 192 1062 282 1137; x_wconf 83' lang='lat' dir='ltr'>longa</span> <span class='ocrx_word' id='word_1_43' title='bbox 294 1062 417 1119; x_wconf 85' lang='lat' dir='ltr'>domant</span> <span class='ocrx_word' id='word_1_44' title='bbox 426 1059 508 1137; x_wconf 88' lang='lat' dir='ltr'>inopi</span> <span class='ocrx_word' id='word_1_45' title='bbox 519 1059 636 1139; x_wconf 86' lang='lat' dir='ltr'>jejunia</span> <span class='ocrx_word' id='word_1_46' title='bbox 648 1060 739 1120; x_wconf 80' lang='lat' dir='ltr'>victu.</span> 
     </span>
    </p>

    <p class='ocr_par' dir='ltr' id='par_1_3' title="bbox 36 1151 962 3542">
     <span class='ocr_line' id='line_1_9' title="bbox 142 1151 800 1239; baseline 0 -28"><span class='ocrx_word' id='word_1_47' title='bbox 142 1154 270 1239; x_wconf 73' lang='lat' dir='ltr'>Separat</span> <span class='ocrx_word' id='word_1_48' title='bbox 283 1153 398 1213; x_wconf 73' lang='lat' dir='ltr'>Atinios</span> <span class='ocrx_word' id='word_1_49' title='bbox 412 1151 525 1212; x_wconf 83' lang='lat' dir='ltr'>Actaeis</span> <span class='ocrx_word' id='word_1_50' title='bbox 538 1153 649 1211; x_wconf 87' lang='lat' dir='ltr'>Phocis</span> <span class='ocrx_word' id='word_1_51' title='bbox 662 1155 699 1210; x_wconf 86' lang='lat' dir='ltr'>ab</span> <span class='ocrx_word' id='word_1_52' title='bbox 711 1153 800 1225; x_wconf 87' lang='lat' dir='ltr'>arvis,</span> 
     </span>
     <span class='ocr_line' id='line_1_10' title="bbox 98 1244 904 1323; baseline -0.002 -16"><span class='ocrx_word' id='word_1_53' title='bbox 98 1249 202 1307; x_wconf 86' lang='lat' dir='ltr'>Terra</span> <span class='ocrx_word' id='word_1_54' title='bbox 214 1248 307 1317; x_wconf 81' lang='lat' dir='ltr'>ferar,</span> <span class='ocrx_word' id='word_1_55' title='bbox 321 1250 394 1307; x_wconf 91' lang='lat' dir='ltr'>dum</span> <span class='ocrx_word' id='word_1_56' title='bbox 406 1260 487 1307; x_wconf 81' lang='lat' dir='ltr'>terre</span> <span class='ocrx_word' id='word_1_57' title='bbox 499 1245 568 1305; x_wconf 83' lang='lat' dir='ltr'>fuit:</span> <span class='ocrx_word' id='word_1_58' title='bbox 589 1246 642 1305; x_wconf 91' lang='lat' dir='ltr'>sed</span> <span class='ocrx_word' id='word_1_59' title='bbox 657 1259 794 1323; x_wconf 85' lang='lat' dir='ltr'>tempore</span> <span class='ocrx_word' id='word_1_60' title='bbox 807 1244 838 1305; x_wconf 92' lang='lat' dir='ltr'>in</span> <span class='ocrx_word' id='word_1_61' title='bbox 850 1246 904 1305; x_wconf 91' lang='lat' dir='ltr'>illo</span> 
     </span>
     <span class='ocr_line' id='line_1_11' title="bbox 96 1338 907 1417; baseline -0.002 -18"><span class='ocrx_word' id='word_1_62' title='bbox 96 1340 175 1399; x_wconf 86' lang='lat' dir='ltr'>Pars</span> <span class='ocrx_word' id='word_1_63' title='bbox 187 1338 289 1411; x_wconf 88' lang='lat' dir='ltr'>maris,</span> <span class='ocrx_word' id='word_1_64' title='bbox 300 1352 330 1398; x_wconf 90' lang='lat' dir='ltr'>et</span> <span class='ocrx_word' id='word_1_65' title='bbox 343 1343 419 1399; x_wconf 87' lang='lat' dir='ltr'>latus</span> <span class='ocrx_word' id='word_1_66' title='bbox 435 1338 599 1399; x_wconf 86' lang='lat' dir='ltr'>subitarum</span> <span class='ocrx_word' id='word_1_67' title='bbox 613 1358 739 1417; x_wconf 86' lang='lat' dir='ltr'>campus</span> <span class='ocrx_word' id='word_1_68' title='bbox 752 1358 907 1415; x_wconf 81' lang='lat' dir='ltr'>aquarum.</span> 
     </span>
     <span class='ocr_line' id='line_1_12' title="bbox 98 1430 865 1508; baseline 0.007 -20"><span class='ocrx_word' id='word_1_69' title='bbox 98 1430 195 1489; x_wconf 86' lang='lat' dir='ltr'>Mons</span> <span class='ocrx_word' id='word_1_70' title='bbox 208 1430 250 1490; x_wconf 88' lang='lat' dir='ltr'>ibi</span> <span class='ocrx_word' id='word_1_71' title='bbox 263 1431 425 1491; x_wconf 86' lang='lat' dir='ltr'>verticibus</span> <span class='ocrx_word' id='word_1_72' title='bbox 438 1432 515 1508; x_wconf 85' lang='lat' dir='ltr'>petit</span> <span class='ocrx_word' id='word_1_73' title='bbox 525 1434 637 1491; x_wconf 88' lang='lat' dir='ltr'>arduus</span> <span class='ocrx_word' id='word_1_74' title='bbox 648 1444 727 1491; x_wconf 87' lang='lat' dir='ltr'>astra</span> <span class='ocrx_word' id='word_1_75' title='bbox 740 1434 865 1503; x_wconf 82' lang='lat' dir='ltr'>duobus,</span> 
     </span>
     <span class='ocr_line' id='line_1_13' title="bbox 99 1522 908 1599; baseline -0.002 -19"><span class='ocrx_word' id='word_1_76' title='bbox 99 1523 235 1582; x_wconf 86' lang='lat' dir='ltr'>Nomine</span> <span class='ocrx_word' id='word_1_77' title='bbox 249 1526 422 1594; x_wconf 81' lang='lat' dir='ltr'>Parnassus,</span> <span class='ocrx_word' id='word_1_78' title='bbox 435 1536 617 1599; x_wconf 84' lang='lat' dir='ltr'>superatque</span> <span class='ocrx_word' id='word_1_79' title='bbox 630 1522 788 1581; x_wconf 84' lang='lat' dir='ltr'>cacumine</span> <span class='ocrx_word' id='word_1_80' title='bbox 800 1526 908 1581; x_wconf 87' lang='lat' dir='ltr'>nubes.</span> 
     </span>
     <span class='ocr_line' id='line_1_14' title="bbox 70 1613 894 1693; baseline -0.002 -20"><span class='ocrx_word' id='word_1_81' title='bbox 70 1680 74 1693; x_wconf 24' lang='lat'>⁸</span> <span class='ocrx_word' id='word_1_82' title='bbox 99 1615 161 1673; x_wconf 85' lang='lat' dir='ltr'>Hic</span> <span class='ocrx_word' id='word_1_83' title='bbox 175 1616 226 1675; x_wconf 89' lang='lat' dir='ltr'>ubi</span> <span class='ocrx_word' id='word_1_84' title='bbox 241 1615 408 1673; x_wconf 86' lang='lat' dir='ltr'>Deucalion</span> <span class='ocrx_word' id='word_1_85' title='bbox 422 1616 505 1690; x_wconf 85' lang='lat' dir='ltr'>(nam</span> <span class='ocrx_word' id='word_1_86' title='bbox 519 1626 631 1671; x_wconf 87' lang='lat' dir='ltr'>caetera</span> <span class='ocrx_word' id='word_1_87' title='bbox 643 1625 762 1671; x_wconf 86' lang='lat' dir='ltr'>texerat</span> <span class='ocrx_word' id='word_1_88' title='bbox 776 1613 894 1691; x_wconf 85' lang='lat' dir='ltr'>aequor)</span> 
     </span>
     <span class='ocr_line' id='line_1_15' title="bbox 99 1705 962 1789; baseline 0 -24"><span class='ocrx_word' id='word_1_89' title='bbox 99 1708 181 1767; x_wconf 89' lang='lat' dir='ltr'>Cum</span> <span class='ocrx_word' id='word_1_90' title='bbox 192 1718 334 1767; x_wconf 84' lang='lat' dir='ltr'>consorte</span> <span class='ocrx_word' id='word_1_91' title='bbox 348 1706 405 1789; x_wconf 87' lang='lat' dir='ltr'>tori</span> <span class='ocrx_word' id='word_1_92' title='bbox 420 1722 509 1781; x_wconf 82' lang='lat' dir='ltr'>parvo</span> <span class='ocrx_word' id='word_1_93' title='bbox 523 1717 586 1763; x_wconf 83' lang='lat' dir='ltr'>rate</span> <span class='ocrx_word' id='word_1_94' title='bbox 602 1718 706 1764; x_wconf 86' lang='lat' dir='ltr'>vectus</span> <span class='ocrx_word' id='word_1_95' title='bbox 718 1705 854 1775; x_wconf 85' lang='lat' dir='ltr'>adhaesit;</span> <span class='ocrx_word' id='word_1_96' title='bbox 958 1748 962 1755; x_wconf 82' lang='lat'><strong>·</strong></span> 
     </span>
     <span class='ocr_line' id='line_1_16' title="bbox 99 1796 879 1877; baseline 0 -18"><span class='ocrx_word' id='word_1_97' title='bbox 99 1796 265 1877; x_wconf 79' lang='lat' dir='ltr'>Corycidas</span> <span class='ocrx_word' id='word_1_98' title='bbox 277 1802 433 1875; x_wconf 84' lang='lat' dir='ltr'>nymphas,</span> <span class='ocrx_word' id='word_1_99' title='bbox 447 1812 477 1858; x_wconf 90' lang='lat' dir='ltr'>et</span> <span class='ocrx_word' id='word_1_100' title='bbox 487 1799 609 1857; x_wconf 86' lang='lat' dir='ltr'>numina</span> <span class='ocrx_word' id='word_1_101' title='bbox 623 1798 734 1856; x_wconf 89' lang='lat' dir='ltr'>montis</span> <span class='ocrx_word' id='word_1_102' title='bbox 746 1800 879 1868; x_wconf 82' lang='lat' dir='ltr'>adorant,</span> 
     </span>
     <span class='ocr_line' id='line_1_17' title="bbox 97 1889 908 1969; baseline 0.004 -18"><span class='ocrx_word' id='word_1_103' title='bbox 97 1892 327 1969; x_wconf 83' lang='lat' dir='ltr'>Fatidicamque</span> <span class='ocrx_word' id='word_1_104' title='bbox 342 1889 484 1961; x_wconf 87' lang='lat' dir='ltr'>Themin,</span> <span class='ocrx_word' id='word_1_105' title='bbox 498 1910 567 1967; x_wconf 83' lang='lat' dir='ltr'>quae</span> <span class='ocrx_word' id='word_1_106' title='bbox 579 1904 652 1949; x_wconf 92' lang='lat' dir='ltr'>tunc</span> <span class='ocrx_word' id='word_1_107' title='bbox 667 1893 768 1949; x_wconf 87' lang='lat' dir='ltr'>oracla</span> <span class='ocrx_word' id='word_1_108' title='bbox 779 1894 908 1953; x_wconf 84' lang='lat' dir='ltr'>tenebat.</span> 
     </span>
     <span class='ocr_line' id='line_1_18' title="bbox 97 1983 867 2061; baseline 0 -18"><span class='ocrx_word' id='word_1_109' title='bbox 97 1987 172 2043; x_wconf 90' lang='lat' dir='ltr'>Non</span> <span class='ocrx_word' id='word_1_110' title='bbox 187 1986 239 2043; x_wconf 90' lang='lat' dir='ltr'>illo</span> <span class='ocrx_word' id='word_1_111' title='bbox 254 1984 362 2043; x_wconf 88' lang='lat' dir='ltr'>melior</span> <span class='ocrx_word' id='word_1_112' title='bbox 377 1985 548 2060; x_wconf 87' lang='lat' dir='ltr'>quisquam,</span> <span class='ocrx_word' id='word_1_113' title='bbox 556 2002 611 2043; x_wconf 87' lang='lat' dir='ltr'>nec</span> <span class='ocrx_word' id='word_1_114' title='bbox 624 1983 771 2043; x_wconf 82' lang='lat' dir='ltr'>amantior</span> <span class='ocrx_word' id='word_1_115' title='bbox 785 1984 867 2061; x_wconf 85' lang='lat' dir='ltr'>aequi</span> 
     </span>
     <span class='ocr_line' id='line_1_19' title="bbox 98 2076 802 2147; baseline 0 -12"><span class='ocrx_word' id='word_1_116' title='bbox 98 2077 160 2136; x_wconf 87' lang='lat' dir='ltr'>Vir</span> <span class='ocrx_word' id='word_1_117' title='bbox 176 2077 240 2147; x_wconf 83' lang='lat' dir='ltr'>tuit,</span> <span class='ocrx_word' id='word_1_118' title='bbox 254 2092 305 2137; x_wconf 89' lang='lat' dir='ltr'>aut</span> <span class='ocrx_word' id='word_1_119' title='bbox 316 2079 366 2136; x_wconf 86' lang='lat' dir='ltr'>illa</span> <span class='ocrx_word' id='word_1_120' title='bbox 381 2077 563 2137; x_wconf 82' lang='lat' dir='ltr'>metuentior</span> <span class='ocrx_word' id='word_1_121' title='bbox 577 2080 639 2136; x_wconf 90' lang='lat' dir='ltr'>ulla</span> <span class='ocrx_word' id='word_1_122' title='bbox 653 2076 802 2137; x_wconf 88' lang='lat' dir='ltr'>Deorum.</span> 
     </span>
     <span class='ocr_line' id='line_1_20' title="bbox 98 2169 852 2249; baseline 0.001 -19"><span class='ocrx_word' id='word_1_123' title='bbox 98 2170 220 2245; x_wconf 86' lang='lat' dir='ltr'>Jupiter</span> <span class='ocrx_word' id='word_1_124' title='bbox 231 2183 264 2229; x_wconf 90' lang='lat' dir='ltr'>ut</span> <span class='ocrx_word' id='word_1_125' title='bbox 276 2171 397 2247; x_wconf 86' lang='lat' dir='ltr'>liquidis</span> <span class='ocrx_word' id='word_1_126' title='bbox 412 2186 551 2249; x_wconf 84' lang='lat' dir='ltr'>stagnare</span> <span class='ocrx_word' id='word_1_127' title='bbox 564 2169 722 2245; x_wconf 86' lang='lat' dir='ltr'>paludibus</span> <span class='ocrx_word' id='word_1_128' title='bbox 736 2172 852 2243; x_wconf 89' lang='lat' dir='ltr'>orbem,</span> 
     </span>
     <span class='ocr_line' id='line_1_21' title="bbox 99 2264 884 2339; baseline 0.005 -18"><span class='ocrx_word' id='word_1_129' title='bbox 99 2264 142 2321; x_wconf 86' lang='lat' dir='ltr'>Et</span> <span class='ocrx_word' id='word_1_130' title='bbox 155 2282 315 2339; x_wconf 87' lang='lat' dir='ltr'>superesse</span> <span class='ocrx_word' id='word_1_131' title='bbox 328 2265 407 2323; x_wconf 87' lang='lat' dir='ltr'>videt</span> <span class='ocrx_word' id='word_1_132' title='bbox 420 2266 457 2323; x_wconf 89' lang='lat' dir='ltr'>de</span> <span class='ocrx_word' id='word_1_133' title='bbox 472 2276 516 2323; x_wconf 91' lang='lat' dir='ltr'>tot</span> <span class='ocrx_word' id='word_1_134' title='bbox 528 2264 619 2321; x_wconf 91' lang='lat' dir='ltr'>modo</span> <span class='ocrx_word' id='word_1_135' title='bbox 630 2264 763 2323; x_wconf 87' lang='lat' dir='ltr'>millibus</span> <span class='ocrx_word' id='word_1_136' title='bbox 774 2284 884 2335; x_wconf 73' lang='lat' dir='ltr'>unutm</span> 
     </span>
     <span class='ocr_line' id='line_1_22' title="bbox 98 2356 883 2433; baseline 0.003 -20"><span class='ocrx_word' id='word_1_137' title='bbox 98 2356 143 2413; x_wconf 87' lang='lat' dir='ltr'>Et</span> <span class='ocrx_word' id='word_1_138' title='bbox 158 2372 316 2429; x_wconf 83' lang='lat' dir='ltr'>superesse</span> <span class='ocrx_word' id='word_1_139' title='bbox 331 2357 411 2415; x_wconf 89' lang='lat' dir='ltr'>videt</span> <span class='ocrx_word' id='word_1_140' title='bbox 423 2362 460 2417; x_wconf 88' lang='lat' dir='ltr'>de</span> <span class='ocrx_word' id='word_1_141' title='bbox 475 2369 519 2416; x_wconf 91' lang='lat' dir='ltr'>tot</span> <span class='ocrx_word' id='word_1_142' title='bbox 533 2359 622 2415; x_wconf 87' lang='lat' dir='ltr'>modo</span> <span class='ocrx_word' id='word_1_143' title='bbox 634 2356 768 2415; x_wconf 88' lang='lat' dir='ltr'>millibus</span> <span class='ocrx_word' id='word_1_144' title='bbox 779 2376 883 2433; x_wconf 86' lang='lat' dir='ltr'>unam,</span> 
     </span>
     <span class='ocr_line' id='line_1_23' title="bbox 98 2449 799 2519; baseline 0.006 -14"><span class='ocrx_word' id='word_1_145' title='bbox 98 2449 251 2507; x_wconf 82' lang='lat' dir='ltr'>innocuos</span> <span class='ocrx_word' id='word_1_146' title='bbox 262 2450 375 2519; x_wconf 87' lang='lat' dir='ltr'>ambos,</span> <span class='ocrx_word' id='word_1_147' title='bbox 387 2453 519 2509; x_wconf 89' lang='lat' dir='ltr'>cultores</span> <span class='ocrx_word' id='word_1_148' title='bbox 532 2450 666 2508; x_wconf 90' lang='lat' dir='ltr'>numinis</span> <span class='ocrx_word' id='word_1_149' title='bbox 684 2452 799 2517; x_wconf 81' lang='lat' dir='ltr'>ambos;</span> 
     </span>
     <span class='ocr_line' id='line_1_24' title="bbox 100 2538 863 2621; baseline 0.005 -24"><span class='ocrx_word' id='word_1_150' title='bbox 100 2538 214 2598; x_wconf 88' lang='lat' dir='ltr'>Nubila</span> <span class='ocrx_word' id='word_1_151' title='bbox 227 2541 360 2620; x_wconf 85' lang='lat' dir='ltr'>disjecit;</span> <span class='ocrx_word' id='word_1_152' title='bbox 379 2540 549 2621; x_wconf 88' lang='lat' dir='ltr'>nimbisque</span> <span class='ocrx_word' id='word_1_153' title='bbox 565 2541 715 2617; x_wconf 83' lang='lat' dir='ltr'>Aquilone</span> <span class='ocrx_word' id='word_1_154' title='bbox 728 2541 863 2615; x_wconf 89' lang='lat' dir='ltr'>remotis,</span> 
     </span>
     <span class='ocr_line' id='line_1_25' title="bbox 100 2632 775 2705; baseline 0.004 -15"><span class='ocrx_word' id='word_1_155' title='bbox 100 2632 142 2690; x_wconf 91' lang='lat' dir='ltr'>Et</span> <span class='ocrx_word' id='word_1_156' title='bbox 156 2636 233 2691; x_wconf 93' lang='lat' dir='ltr'>coelo</span> <span class='ocrx_word' id='word_1_157' title='bbox 244 2646 341 2693; x_wconf 86' lang='lat' dir='ltr'>terras</span> <span class='ocrx_word' id='word_1_158' title='bbox 354 2632 494 2705; x_wconf 88' lang='lat' dir='ltr'>ostendit,</span> <span class='ocrx_word' id='word_1_159' title='bbox 507 2648 536 2695; x_wconf 89' lang='lat' dir='ltr'>et</span> <span class='ocrx_word' id='word_1_160' title='bbox 551 2636 663 2696; x_wconf 85' lang='lat' dir='ltr'>aethera</span> <span class='ocrx_word' id='word_1_161' title='bbox 675 2633 775 2696; x_wconf 88' lang='lat' dir='ltr'>terris.</span> 
     </span>
     <span class='ocr_line' id='line_1_26' title="bbox 101 2724 903 2805; baseline 0.012 -24"><span class='ocrx_word' id='word_1_162' title='bbox 101 2725 170 2783; x_wconf 90' lang='lat' dir='ltr'>Nec</span> <span class='ocrx_word' id='word_1_163' title='bbox 182 2724 277 2783; x_wconf 87' lang='lat' dir='ltr'>maris</span> <span class='ocrx_word' id='word_1_164' title='bbox 289 2725 335 2784; x_wconf 78' lang='lat' dir='ltr'>ira</span> <span class='ocrx_word' id='word_1_165' title='bbox 349 2741 459 2786; x_wconf 88' lang='lat' dir='ltr'>manet.</span> <span class='ocrx_word' id='word_1_166' title='bbox 481 2726 641 2805; x_wconf 87' lang='lat' dir='ltr'>Positoque</span> <span class='ocrx_word' id='word_1_167' title='bbox 653 2727 819 2805; x_wconf 86' lang='lat' dir='ltr'>tricuspide</span> <span class='ocrx_word' id='word_1_168' title='bbox 832 2732 903 2802; x_wconf 88' lang='lat' dir='ltr'>telo,</span> 
     </span>
     <span class='ocr_line' id='line_1_27' title="bbox 103 2816 924 2897; baseline 0.01 -24"><span class='ocrx_word' id='word_1_169' title='bbox 103 2816 222 2875; x_wconf 88' lang='lat' dir='ltr'>Mulcet</span> <span class='ocrx_word' id='word_1_170' title='bbox 231 2833 324 2893; x_wconf 88' lang='lat' dir='ltr'>aquas</span> <span class='ocrx_word' id='word_1_171' title='bbox 337 2833 433 2877; x_wconf 85' lang='lat' dir='ltr'>rector</span> <span class='ocrx_word' id='word_1_172' title='bbox 444 2821 556 2897; x_wconf 82' lang='lat' dir='ltr'>pelagi:</span> <span class='ocrx_word' id='word_1_173' title='bbox 578 2840 728 2897; x_wconf 88' lang='lat' dir='ltr'>supraque</span> <span class='ocrx_word' id='word_1_174' title='bbox 743 2823 924 2896; x_wconf 85' lang='lat' dir='ltr'>profundum</span> 
     </span>
     <span class='ocr_line' id='line_1_28' title="bbox 101 2910 930 2992; baseline 0.01 -25"><span class='ocrx_word' id='word_1_175' title='bbox 101 2910 293 2981; x_wconf 68' lang='lat' dir='ltr'>Exeuntem,</span> <span class='ocrx_word' id='word_1_176' title='bbox 308 2922 395 2985; x_wconf 84' lang='lat' dir='ltr'>atque</span> <span class='ocrx_word' id='word_1_177' title='bbox 407 2914 553 2972; x_wconf 88' lang='lat' dir='ltr'>humeros</span> <span class='ocrx_word' id='word_1_178' title='bbox 565 2912 667 2969; x_wconf 86' lang='lat' dir='ltr'>innato</span> <span class='ocrx_word' id='word_1_179' title='bbox 679 2912 795 2969; x_wconf 88' lang='lat' dir='ltr'>murice</span> <span class='ocrx_word' id='word_1_180' title='bbox 809 2925 930 2992; x_wconf 66' lang='lat' dir='ltr'>tectum⁴</span> 
     </span>
     <span class='ocr_line' id='line_1_29' title="bbox 102 3000 839 3078; baseline 0.008 -19"><span class='ocrx_word' id='word_1_181' title='bbox 102 3000 281 3061; x_wconf 88' lang='lat' dir='ltr'>Coeruleum</span> <span class='ocrx_word' id='word_1_182' title='bbox 298 3004 523 3073; x_wconf 78' lang='lat' dir='ltr'>&#39;l&#39;ritonavoca13</span> <span class='ocrx_word' id='word_1_183' title='bbox 540 3004 722 3078; x_wconf 88' lang='lat' dir='ltr'>conchaeque</span> <span class='ocrx_word' id='word_1_184' title='bbox 736 3004 839 3065; x_wconf 87' lang='lat' dir='ltr'>sonaci</span> 
     </span>
     <span class='ocr_line' id='line_1_30' title="bbox 101 3094 829 3174; baseline 0.003 -21"><span class='ocrx_word' id='word_1_185' title='bbox 101 3095 255 3169; x_wconf 87' lang='lat' dir='ltr'>inspirare</span> <span class='ocrx_word' id='word_1_186' title='bbox 267 3096 363 3174; x_wconf 79' lang='lat' dir='ltr'>jubet,</span> <span class='ocrx_word' id='word_1_187' title='bbox 378 3094 547 3173; x_wconf 77' lang='lat' dir='ltr'>fluctusque</span> <span class='ocrx_word' id='word_1_188' title='bbox 562 3107 593 3153; x_wconf 90' lang='lat' dir='ltr'>et</span> <span class='ocrx_word' id='word_1_189' title='bbox 605 3094 730 3155; x_wconf 86' lang='lat' dir='ltr'>flumina</span> <span class='ocrx_word' id='word_1_190' title='bbox 741 3096 829 3174; x_wconf 85' lang='lat' dir='ltr'>signo</span> 
     </span>
     <span class='ocr_line' id='line_1_31' title="bbox 101 3187 857 3248; baseline -0.001 -1"><span class='ocrx_word' id='word_1_191' title='bbox 101 3189 168 3247; x_wconf 84' lang='lat' dir='ltr'>iam</span> <span class='ocrx_word' id='word_1_192' title='bbox 185 3206 325 3247; x_wconf 87' lang='lat' dir='ltr'>revocare</span> <span class='ocrx_word' id='word_1_193' title='bbox 336 3190 412 3248; x_wconf 91' lang='lat' dir='ltr'>dato.</span> <span class='ocrx_word' id='word_1_194' title='bbox 435 3190 516 3248; x_wconf 88' lang='lat' dir='ltr'>Cava</span> <span class='ocrx_word' id='word_1_195' title='bbox 527 3187 657 3247; x_wconf 87' lang='lat' dir='ltr'>buccina</span> <span class='ocrx_word' id='word_1_196' title='bbox 670 3188 797 3247; x_wconf 87' lang='lat' dir='ltr'>sumitur</span> <span class='ocrx_word' id='word_1_197' title='bbox 810 3188 857 3248; x_wconf 90' lang='lat' dir='ltr'>illi</span> 
     </span>
     <span class='ocr_line' id='line_1_32' title="bbox 102 3276 863 3359; baseline 0.001 -22"><span class='ocrx_word' id='word_1_198' title='bbox 102 3279 242 3349; x_wconf 81' lang='lat' dir='ltr'>Tortilis,</span> <span class='ocrx_word' id='word_1_199' title='bbox 254 3280 285 3359; x_wconf 87' lang='lat' dir='ltr'>in</span> <span class='ocrx_word' id='word_1_200' title='bbox 297 3284 390 3339; x_wconf 92' lang='lat' dir='ltr'>latum</span> <span class='ocrx_word' id='word_1_201' title='bbox 400 3298 468 3355; x_wconf 84' lang='lat' dir='ltr'>quae</span> <span class='ocrx_word' id='word_1_202' title='bbox 482 3279 600 3338; x_wconf 89' lang='lat' dir='ltr'>turbine</span> <span class='ocrx_word' id='word_1_203' title='bbox 616 3280 727 3340; x_wconf 84' lang='lat' dir='ltr'>crescit</span> <span class='ocrx_word' id='word_1_204' title='bbox 740 3283 776 3338; x_wconf 87' lang='lat' dir='ltr'>ab</span> <span class='ocrx_word' id='word_1_205' title='bbox 788 3276 863 3339; x_wconf 78' lang='lat' dir='ltr'>imos</span> 
     </span>
     <span class='ocr_line' id='line_1_33' title="bbox 103 3358 838 3450; baseline -0.005 -17"><span class='ocrx_word' id='word_1_206' title='bbox 103 3373 248 3442; x_wconf 87' lang='lat' dir='ltr'>Buccina,</span> <span class='ocrx_word' id='word_1_207' title='bbox 261 3394 330 3450; x_wconf 88' lang='lat' dir='ltr'>quae</span> <span class='ocrx_word' id='word_1_208' title='bbox 343 3371 445 3433; x_wconf 89' lang='lat' dir='ltr'>medio</span> <span class='ocrx_word' id='word_1_209' title='bbox 459 3358 597 3449; x_wconf 82' lang='lat' dir='ltr'>concepit</span> <span class='ocrx_word' id='word_1_210' title='bbox 610 3384 644 3431; x_wconf 92' lang='lat' dir='ltr'>ut</span> <span class='ocrx_word' id='word_1_211' title='bbox 657 3379 727 3430; x_wconf 71' lang='lat' dir='ltr'>aera</span> <span class='ocrx_word' id='word_1_212' title='bbox 738 3385 838 3447; x_wconf 88' lang='lat' dir='ltr'>ponto,</span> 
     </span>
     <span class='ocr_line' id='line_1_34' title="bbox 36 3453 901 3542; baseline 0.002 -18"><span class='ocrx_word' id='word_1_213' title='bbox 36 3453 41 3462; x_wconf 56' lang='lat'>¹</span> <span class='ocrx_word' id='word_1_214' title='bbox 101 3466 220 3524; x_wconf 74' lang='lat' dir='ltr'>Littota</span> <span class='ocrx_word' id='word_1_215' title='bbox 232 3486 305 3525; x_wconf 88' lang='lat' dir='ltr'>voce</span> <span class='ocrx_word' id='word_1_216' title='bbox 322 3468 420 3541; x_wconf 85' lang='lat' dir='ltr'>replet</span> <span class='ocrx_word' id='word_1_217' title='bbox 433 3467 487 3523; x_wconf 89' lang='lat' dir='ltr'>sub</span> <span class='ocrx_word' id='word_1_218' title='bbox 501 3477 629 3539; x_wconf 90' lang='lat' dir='ltr'>utroque</span> <span class='ocrx_word' id='word_1_219' title='bbox 642 3465 773 3542; x_wconf 86' lang='lat' dir='ltr'>jacentia</span> <span class='ocrx_word' id='word_1_220' title='bbox 784 3466 901 3526; x_wconf 83' lang='lat' dir='ltr'>Pnoebo.</span> 
     </span>
    </p>
   </div>
   <div class='ocr_carea' id='block_1_3' title="bbox 101 3554 1021 3633">
    <p class='ocr_par' dir='ltr' id='par_1_4' title="bbox 101 3554 1021 3633">
     <span class='ocr_line' id='line_1_35' title="bbox 101 3554 1021 3633; baseline -0.005 -17"><span class='ocrx_word' id='word_1_221' title='bbox 101 3559 185 3616; x_wconf 90' lang='lat' dir='ltr'>Tum</span> <span class='ocrx_word' id='word_1_222' title='bbox 201 3576 321 3633; x_wconf 88' lang='lat' dir='ltr'>quoque</span> <span class='ocrx_word' id='word_1_223' title='bbox 337 3570 369 3617; x_wconf 92' lang='lat' dir='ltr'>ut</span> <span class='ocrx_word' id='word_1_224' title='bbox 382 3576 434 3615; x_wconf 85' lang='lat' dir='ltr'>ora</span> <span class='ocrx_word' id='word_1_225' title='bbox 449 3554 509 3613; x_wconf 88' lang='lat' dir='ltr'>Dei</span> <span class='ocrx_word' id='word_1_226' title='bbox 523 3555 642 3613; x_wconf 86' lang='lat' dir='ltr'>madida</span> <span class='ocrx_word' id='word_1_227' title='bbox 653 3555 781 3613; x_wconf 84' lang='lat' dir='ltr'>rorantia</span> <span class='ocrx_word' id='word_1_228' title='bbox 793 3557 881 3613; x_wconf 86' lang='lat' dir='ltr'>barba</span> <span class='ocrx_word' id='word_1_229' title='bbox 961 3559 965 3565; x_wconf 87' lang='grc'><em>“</em></span> <span class='ocrx_word' id='word_1_230' title='bbox 1017 3593 1021 3611; x_wconf 62' lang='lat'>1</span> 
     </span>
    </p>
   </div>
   <div class='ocr_carea' id='block_1_4' title="bbox 39 3646 809 3740">
    <p class='ocr_par' dir='ltr' id='par_1_5' title="bbox 39 3646 809 3740">
     <span class='ocr_line' id='line_1_36' title="bbox 39 3646 809 3740; baseline -0.009 -30"><span class='ocrx_word' id='word_1_231' title='bbox 39 3732 44 3740; x_wconf 89' lang='lat'><strong>.</strong></span> <span class='ocrx_word' id='word_1_232' title='bbox 101 3648 250 3727; x_wconf 65' lang='lat' dir='ltr'>enough,</span> <span class='ocrx_word' id='word_1_233' title='bbox 264 3663 296 3713; x_wconf 82' lang='lat' dir='ltr'>et</span> <span class='ocrx_word' id='word_1_234' title='bbox 309 3648 419 3719; x_wconf 81' lang='lat' dir='ltr'>cecinit</span> <span class='ocrx_word' id='word_1_235' title='bbox 429 3648 532 3727; x_wconf 85' lang='lat' dir='ltr'>jussos</span> <span class='ocrx_word' id='word_1_236' title='bbox 545 3646 650 3705; x_wconf 73' lang='lat' dir='ltr'>inflata·</span> <span class='ocrx_word' id='word_1_237' title='bbox 660 3657 809 3721; x_wconf 88' lang='lat' dir='ltr'>receptus,</span> 
     </span>
    </p>
   </div>
   <div class='ocr_carea' id='block_1_5' title="bbox 0 0 1232 4009">
    <p class='ocr_par' dir='ltr' id='par_1_6' title="bbox 0 0 1232 4009">
     <span class='ocr_line' id='line_1_37' title="bbox 0 0 1232 4009; baseline 0 0"><span class='ocrx_word' id='word_1_238' title='bbox 0 0 1232 4009; x_wconf 95' lang='lat' dir='ltr'> </span> 
     </span>
    </p>
   </div>
  </div>
 </body>
</html>
