2450 4009
378 338 457 399 LIB.
471 338 529 397 lV.
549 336 641 401 ΕΑΒ.
654 338 743 399 xvi.
889 410 893 417 ,
925 342 931 352 ’
976 345 1022 415 72

97 476 277 555 Hospitium
289 480 487 559 requiemque
501 496 579 561 peto.
603 484 726 543 Memor
738 483 790 543 ille
805 493 932 543 vetustae

98 568 196 629 Sortis
208 582 283 630 eras:
304 570 447 648 (Themis
462 580 537 635 hanc
551 578 674 635 dederat
688 575 840 635 Parnassia
849 576 986 653 sortem)

98 660 342 737 Tempus,'Atla‚
356 667 465 735 veniet,
476 682 526 725 tua
539 686 598 743 quo
613 666 790 743 spoliabitur
802 688 874 727 auro

99 754 208 824 Arbor,
221 768 253 814 et
265 756 345 817 hunc
358 761 469 833 praedae
482 758 603 818 titulum
617 762 692 817 Jove
705 772 794 818 natus
808 757 933 843 habebit
1017 821 1022 831 ,

99 846 136 903 ld
149 857 299 918 metuens,
309 849 411 908 solidis
424 851 559 926 pomaria
573 856 721 911 clauserat
735 854 821 911 Atlas

99 937 264 1007 Moenibus,
278 954 308 998 et
319 953 402 999 vasto
414 942 540 1001 dederat
552 945 697 1002 servanda
709 944 842 1003 dmconi:

99 1030 292 1104 Arcebatque
306 1034 369 1089 suis
382 1046 523 1091 externos
538 1034 647 1091 linibus
660 1054 775 1094 omnes·

100 1120 181 1178 Huic
195 1140 326 1197 quoquc,
336 1124 421 1181 Vade
436 1126 550 1199 procul,
564 1142 602 1182 ne
617 1116 706 1201 longe
720 1128 941 1202 gloriaremur,
1019 1184 1023 1191 .

100 1214 182 1287 Quas
195 1214 344 1283 mentiris,
358 1214 407 1283 ait,
420 1218 510 1293 longe
524 1214 577 1274 tibi
590 1216 708 1291 Jupiter
720 1219 806 1277 absit.

100 1304 233 1379 Vimque
245 1305 335 1363 minis
348 1305 438 1365 addit:
459 1304 634 1382 foribusque
649 1310 801 1385 expellere
814 1321 910 1370 tentat

93 1399 309 1468 'Cunctantem
320 1410 351 1457 et
363 1399 486 1473 placidis
499 1390 680 1457 miscentem
693 1399 780 1459 fortia
790 1399 887 1460 dictis.

99 1490 224 1549 Viribus
236 1491 368 1557 inferior¹
383 1490 465 1567 (quis
476 1491 556 1549 enim
573 1503 720 1565 parasset
734 1492 848 1550 Atlanti

98 1580 248 1653 Viribusi)
263 1584 306 1641 At
318 1583 458 1657 quoniam
471 1585 555 1656 parvi
568 1582 621 1640 tibi
635 1583 731 1658 gratia
743 1593 910 1651 nostraesu

99 1672 214 1750 Accipe
226 1691 349 1742 munus,
363 1672 413 1741 ait,
427 1675 561 1749 laevaque
575 1692 591 1731 a
603 1686 685 1747 parte
700 1674 834 1733 Medusa

99 1766 167 1840 lpse
181 1776 369 1829 retroversus
383 1764 549 1841 squalentia
561 1764 689 1841 prodidit
702 1784 763 1823 ora.
958 1832 964 1840 ι

99 1858 237 1928 Quantus
250 1868 322 1927 crat,
335 1876 421 1915 mons
433 1857 529 1915 sactus
543 1858 639 1915 Atlas.
659 1858 727 1916 Jam
737 1858 836 1925 barba,
847 1874 1006 1933 comaeque

27 1966 29 1975 ·
98 1948 133 2005 In
148 1948 238 2005 silvas
251 1950 367 2007 meunt
386 1948 463 2026 juga
476 1960 544 2006 sunt
559 1947 738 2023 humerique
751 1966 928 2024 manusque.

97 2039 187 2112 Quod
201 2050 292 2115 caput
305 2050 374 2097 ante
386 2038 452 2109 fuit,
466 2058 586 2098 summo
599 2051 647 2096 est
660 2039 690 2094 in
705 2051 805 2097 monte
821 2058 975 2101 cacumen.

98 2133 179 2190 Ossa
190 2130 267 2207 lepis
278 2130 362 2191 fiunt:
383 2141 447 2189 tum
460 2143 561 2205 partes
574 2142 680 2189 auctus
692 2131 724 2188 in
738 2149 845 2207 ompes

78 2282 82 2297 ,
98 2222 204 2281 Crevit
217 2221 248 2281 in
262 2221 455 2289 immensum,
469 2221 528 2299 (sic
543 2222 585 2279 Di
601 2222 759 2298 statuistis)
773 2234 803 2281 et
815 2243 905 2283 omne

98 2314 181 2375 Cum
192 2323 236 2373 tot
248 2313 395 2393 sideribus
409 2316 521 2371 coelum
535 2312 684 2390 requievit
697 2314 728 2371 in
742 2313 803 2371 illo.

139 2544 321 2617 Andromeda
334 2578 352 2615 α
365 2561 474 2617 Perseo
492 2560 624 2629 liberata,
636 2573 665 2616 et
683 2560 776 2633 Virga
794 2543 968 2619 irr'Cur’alia.
1056 2624 1060 2631 ‚

464 2683 466 2689 v
484 2670 556 2711 rna.
570 2672 639 2713 xvi.

137 2772 336 2831 Cunusunnr
350 2772 538 2849 Hippotades
553 2783 665 2833 aeterno
678 2791 800 2831 carcere
814 2785 929 2832 ventose

100 2865 336 2940 Admonitorque
348 2884 475 2939 operum
489 2867 566 2923 coelo
579 2864 766 2922 clarissimus
780 2865 840 2920 alto

100 2956 224 3015 Lucifer
236 2970 319 3016 onus
333 2967 407 3013 erat.
428 2954 539 3014 Pennis
552 2954 627 3029 ligat
638 2954 691 3011 ille
703 2951 867 3028 resumptis

98 3048 188 3106 Parte
200 3051 236 3107 ab
249 3062 373 3126 utraque
388 3047 492 3125 peden
512 3048 633 3121 teloque
646 3042 811 3121 accingitur
823 3063 911 3105 unco:
937 3074 942 3082 ·

99 3140 140 3198 Et
154 3138 299 3217 liquidum
314 3140 403 3201 motis
414 3138 552 3199 talaribus
566 3144 636 3196 aira
649 3135 742 3195 findit.

98 3230 247 3290 Gentibus
262 3229 425 3289 innumeris
438 3231 615 3305 circumque
628 3228 764 3304 infraque
779 3228 903 3296 relictis,

99 3324 275 3399 AEthiopum
289 3325 426 3398 populos,
438 3324 576 3398 Gepheis
586 3319 732 3395 conspicit
743 3338 823 3377 arva.

98 3416 167 3473 Illic
182 3411 369 3489 immeritam
381 3424 524 3473 materna
538 3410 670 3490 plendere
684 3411 796 3488 linguae

99 3505 314 3581 Andromedan
327 3522 430 3583 poenas
443 3506 568 3567 immitis
579 3508 711 3585 jusserat
725 3506 865 3562 Ammon.

101 3594 203 3681 Quam
218 3599 307 3661 simul
322 3603 358 3661 ad
370 3601 460 3662 duras
473 3598 630 3677 religatam
641 3595 763 3659 brachia
775 3605 877 3655 cautes

1046 2932 1063 2961 N
