2450 4009
897 251 906 287 l

430 320 512 381 LlB.
525 320 616 381 xm.
629 320 721 379 FAB.
735 321 759 379 1.
955 326 959 337 '
986 322 1054 390 121

127 466 235 523 heus
248 463 319 523 huie
333 474 418 540 puter
429 479 487 523 eet:
502 464 554 541 qui
568 464 639 541 jura
650 464 806 523 silentibus
815 462 877 525 illie

127 558 248 626 Reddit,
261 559 311 615 ubi
326 556 458 615 AEoliden
474 576 582 617 saxum
595 574 687 634 grave
698 557 850 633 Sisyphon
858 568 958 635 urget.

128 642 242 707 AEacon*
250 652 387 727 agnoscit
398 668 546 718 summus,
558 652 738 727 prolemque
750 652 859 712 fatetur

126 741 245 817 Jupiter
258 762 328 819 esse·
340 760 435 801 suern.
455 744 505 801 Sic
518 744 644 803 tiblore
657 746 766 803 tertius
776 745 868 823 iliu,

39 854 42 859 ·
126 835 195 893 Nec
209 850 309 896 tumen
324 840 388 895 lraec
401 835 497 895 series
510 835 541 895 in
555 854 646 893 ceusu
660 836 765 911 prosit,
780 836 901 905 Achivi3

126 925 161 985 Si
173 928 249 985 mibi
260 948 330 989 cum
342 948 453 1005 magno
467 947 527 987 non
539 940 588 987 est
599 930 768 1004 communie
782 929 911 989 Achille.
1002 962 1006 969 -

125 1019 233 1079 Frater
244 1036 318 1099 erati
333 1024 462 1083 fraterna
473 1035 553 1099 peto.
573 1023 654 1095 Quid
670 1024 815 1093 sanquine
831 1036 933 1082 cretur

127 1111 276 1189 Sisyphio,
290 1114 445 1193 furtisque,
460 1128 491 1174 et
504 1115 606 1175 fraude
622 1115 793 1174 simillimus
804 1115 859 1186 illi,

128 1205 238 1263 Inserit
252 1208 379 1275 AEecidis
393 1208 498 1267 alienae
512 1206 633 1265 nomina
645 1206 756 1283 gentis?
806 1243 813 1251 -

126 1302 176 1358 An
189 1304 268 1375 quod
282 1299 313 1357 in
326 1318 410 1357 arma
422 1300 514 1375 prior,
530 1302 673 1376 nulloque
687 1302 742 1355 sub
754 1298 852 1357 indice
868 1299 946 1371 veni,

126 1390 221 1449 Anna
232 1384 369 1468 neganda
380 1390 469 1451 mihi?
484 1393 639 1469 potiorque
650 1390 802 1464 ridebitur
813 1395 875 1464 ille,

128 1481 242 1543 Ultima
254 1484 306 1558 ‘qui
318 1483 409 1559 oepitr
421 1484 658 1560 detrectavitque
671 1485 774 1542 lurore

127 1572 270 1633 Militiam
283 1574 365 1631 fiotor
379 1577 474 1641 donec
490 1571 641 1635 'sollertior
652 1577 720 1643 isto,

126 1664 187 1723 Sed
202 1666 258 1723 sibi
269 1664 412 1732 inutilior,
427 1666 524 1725 timidi
536 1680 708 1734 commenta
719 1668 831 1726 retexit

126 1758 311 1832 Naupliades
324 1758 425 1823 enimi,
439 1759 588 1837 vitataque
602 1760 694 1819 traxit
706 1760 736 1817 in
751 1760 844 1818 rnna?

126 1848 251 1924 Optima
264 1867 343 1908 nunc
355 1864 463 1918 sumet,
477 1852 530 1927 qui
543 1870 665 1912 sumere
680 1852 774 1909 noluit
786 1854 857 1911 ulio.

125 1941 192 2000 Noe
204 1942 382 2010 inhonorati,
391 1953 420 2001 et
434 1944 519 2001 donis
535 1942 722 2017 patruelibus
735 1942 810 2012 orbi,

126 2034 301 2093 Obtuiimus
314 2034 366 2109 qui
378 2052 433 2093 nos
446 2037 483 2093 etl
496 2034 594 2107 prima
607 2035 751 2112 perieulu,
765 2034 869 2112 simus.

125 2128 226 2203 Atque
238 2126 352 2185 utinam
366 2139 417 2185 aut
430 2142 520 2185 verus
530 2126 614 2185 furor
630 2128 693 2194 ille,
704 2140 758 2185 aut
769 2126 909 2194 creditus,
923 2142 1014 2201 essen
1091 2134 1097 2137 ’

127 2218 195 2277 Nec
208 2236 311 2276 comen
327 2218 377 2276 hic
393 2218 539 2293 Phrygias
552 2236 686 2297 unquam
697 2219 827 2277 venisset
839 2222 877 2278 ad
886 2220 974 2289 ercet

125 2308 270 2368 Hor-tator
281 2310 444 2369 scelerum!
456 2328 516 2371 non
528 2323 567 2376 te,
583 2309 715 2369 Poeantia
726 2314 835 2383 proles,

101 2402 105 2409 '
126 2400 307 2474 Expositum
319 2402 450 2459 Lemnos
460 2414 564 2458 nostro
573 2420 645 2459 cum
656 2400 783 2459 nmine
796 2404 927 2461 haberet

125 2494 187 2566 Qui
200 2514 278 2553 nunc
292 2494 339 2571 (ut
351 2494 534 2569 memorent)
548 2491 736 2551 silvestribus
747 2492 865 2551 abditus
877 2492 968 2552 antiis

127 2585 206 2643 Saxa
215 2603 318 2645 moves
332 2584 460 2661 gemitu,
474 2585 702 2660 Laertiadaeque
716 2584 859 2659 precaris,

126 2678 202 2749 Quae
215 2676 337 2735 meruit:
349 2697 419 2755 quae
434 2677 474 2753 (ei
490 2678 531 2735 Di
546 2678 629 2755 sunt)
641 2696 698 2735 ooo
713 2695 785 2735 vana
798 2678 942 2752 preceris.

125 2772 165 2831 Et
179 2790 257 2829 nunc
270 2772 322 2831 ille
336 2774 441 2831 eedem
457 2773 542 2831 nobie
554 2772 674 2850 juratus
684 2772 713 2829 io
726 2760 819 2837 erma,

83 2902 85 2908 ·
126 2862 238 2941 (Heul)
252 2882 321 2940 pars
334 2882 393 2922 une
406 2864 530 2930 dueum,
540 2883 602 2939 quo
614 2881 790 2919 successore
804 2862 925 2936 segittae

125 2956 270 3013 Herculis
283 2966 418 3019 utuntur,
431 2954 544 3014 fractus
556 2958 730 3029 morboque,
744 2953 895 3029 luneque,
921 2958 925 2961 ’

126 3048 325 3125 velaturque,
339 3047 487 3123 aliturque
498 3044 609 3128 aribus3
622 3047 819 3121 volucresque
834 3044 963 3120 petendo

90 3164 93 3169 ·
125 3138 236 3198 Debita
250 3139 390 3215 'l'rojanie
400 3152 527 3199 exercet
540 3139 657 3215 spicula
669 3137 748 3197 latis.

126 3234 182 3290 llle
193 3247 292 3291 tamen
307 3230 388 3303 vivit,
399 3232 466 3307 quin
482 3250 538 3290 non
553 3231 705 3291 comitavit
719 3233 860 3306 Ulyseen.

92 3376 97 3385 .
126 3324 235 3382 Mallet
249 3335 279 3381 et
291 3321 396 3382 infelix
411 3325 584 3383 Palernedes
599 3344 667 3383 esee
682 3323 813 3381 relictus.

125 3415 262 3491 Viveret,
276 3428 326 3473 aut
339 3424 422 3473 certe
437 3416 610 3475 letumsine
625 3417 751 3480 'erimine
767 3418 898 3472 haberet.

126 3506 237 3579 Quem,
251 3506 470 3569 maleooovicti
485 3508 611 3567 nimium
625 3526 744 3565 memor
756 3508 814 3565 iste
829 3506 946 3577 luroris,
988 3573 992 3579 ι
1008 3536 1014 3549 ·

125 3600 260 3673 l'rodere
273 3616 340 3687 rein
351 3599 486 3657 Danaum
498 3598 593 3663 finxit:
608 3600 774 3677 fictumque
785 3597 919 3673 protavit
986 3587 988 3590 ¹
1013 3620 1019 3623 ·
