2450 4009
450 336 530 395 ΗΒ.
544 336 585 395 V.
606 336 699 395 ΕΑΒ.
714 340 739 397 Ι.

24 454 27 527 ¹⁵
124 482 174 539 Ex
189 478 250 539 illis
263 479 406 555 scopulis,
418 480 468 539 ubi
481 494 566 539 erant
577 482 676 547 affixa,
689 483 828 557 petisses:

121 574 213 631 Nunc
228 572 305 639 sine,
317 572 369 648 qui
382 572 480 647 petiit,
490 592 545 648 per
557 593 650 650 quem
663 593 722 633 non
735 578 807 635 orba
820 588 970 649 senecmc,

23 721 29 732 ,
121 666 217 725 Ferre
230 667 310 739 quod
324 678 354 723 et
368 666 484 725 meritis
500 678 530 724 et
544 685 619 725 voce
634 680 679 723 est
691 680 805 741 pactus:
798 688 955 747 eumque

120 758 194 815 Non
208 754 272 825 tini,
286 758 337 817 sed
352 770 444 817 certae
459 761 617 835 praelatum
632 758 811 846 intellige
783 760 883 818 morti.
942 797 947 808 =

124 850 179 907 llle
194 848 269 907 nihil
281 862 394 907 contra:
406 850 461 907 sed
475 862 507 909 et
523 852 613 919 hunc,
627 866 659 908 et
674 845 784 912 Persea
797 856 881 913 vultu

122 941 252 1001 Alteino
264 955 413 1016 spectans,
426 954 507 1015 petat
521 942 634 1011 hunc,
625 955 755 1018 ignorat,
767 961 804 1001 an
819 942 915 1004 illurn.

123 1020 458 1111 eurrcrarusquenrevi,
470 1048 635 1093 contortam
648 1035 761 1093 virilius
773 1037 902 1105 hastam,

123 1128 259 1199 Quantas
272 1124 317 1193 ira¹
329 1128 425 1195 dabat,
439 1128 642 1202 nequicquam
657 1127 687 1185 in
703 1129 811 1185 Persea
824 1127 914 1187 misit.
1002 1170 1009 1189 .

124 1220 166 1277 Ut
180 1219 264 1279 stetit
276 1218 328 1277 illa
341 1234 417 1285 toro;
433 1219 533 1277 stratis
547 1234 611 1277 rum
625 1218 755 1294 denique
770 1220 901 1281 Perseus

123 1311 268 1377 Exsiluit:
284 1314 405 1385 teloque
421 1310 506 1367 ferox
521 1310 645 1369 inimica
656 1311 785 1371 remisso

123 1404 251 1463 Pectora
266 1404 402 1477 rupisseu
418 1402 477 1461 nisi
491 1416 557 1477 post
569 1403 673 1463 altaria
687 1405 821 1465 Phineus

122 1494 211 1553 isset:
225 1507 256 1552 et
269 1494 455 1571 (indignum)
468 1498 616 1567 scelerato
631 1495 743 1571 proluit
754 1516 813 1555 ara.

122 1588 233 1647 Fronte
248 1600 350 1645 tamen
365 1586 466 1644 Rhoeti
476 1606 535 1645 non
548 1586 633 1645 irrita
646 1588 749 1663 cuspis
758 1590 892 1649 adhaesit.

122 1679 185 1753 Qui
198 1690 360 1755 postquam
374 1676 494 1753 cecidit,
505 1678 690 1785 ferrumque·
698 1698 737 1737 ex
750 1699 819 1739 osse
835 1684 989 1772 revulsum
1001 1696 1058 1757 est,

122 1772 259 1847 Palpitat,
273 1782 303 1831 et
316 1772 427 1847 positas
439 1771 571 1847 aspergit
584 1771 731 1848 sanguine
746 1792 878 1857 mensas..
944 1841 948 1847 ,

122 1866 205 1935 Turn
220 1883 292 1928 vero
306 1864 466 1923 indomitas
480 1863 608 1923 ardescit
624 1866 756 1969 vulgus
748 1885 779 1924 rn
792 1866 880 1925 iras.-

122 1958 261 2033 Telaque
276 1956 451 2035 conjiciunt:
468 1970 498 2015 et
511 1969 588 2021 sunt,
603 1956 657 2031 qui
670 1959 794 2033 Cephea
808 1959 907 2019 dicant

17 2053 21 2062 ‘
119 2052 203 2129 Cum
216 2068 330 2127 genero
342 2051 450 2108 debere
466 2049 553 2109 mori:
569 2050 623 2108 sed
637 2048 743 2109 limine
758 2051 830 2109 tecti
921 2092 924 2098 ,

115 2143 247 2201 Exierat
261 2144 413 2217 Cepheum
428 2138 553 2201 testatus
562 2143 683 2222 jusque,
697 2140 860 2220 fidemque,

122 2234 317 2310 Hospitiique
336 2235 427 2305 Deos,
439 2256 473 2293 ea
489 2256 522 2294 se
536 2234 723 2311 prohibente.
733 2237 859 2295 moveri.

122 2328 239 2387 Bellica
250 2330 348 2391 Pallas
361 2330 455 2397 adesa
469 2340 499 2386 et
514 2328 646 2403 protegit
660 2327 758 2403 aegide
772 2330 907 2401 fratrem:

122 2420 243 2497 Datque
258 2422 382 2481 animos.
401 2422 473 2478 Erat
486 2422 579 2477 Indus
592 2420 695 2487 Athis,
709 2441 801 2497 quem
812 2408 937 2483 flumine
948 2423 1055 2522 Gange

123 2514 210 2573 Edita
223 2513 362 2575 Limnate
375 2512 481 2572 vitreis
493 2511 650 2587 peperisse
662 2515 718 2571 snb
731 2514 822 2571 antris
866 2547 869 2553 ,
916 2538 920 2544 ⁴

122 2608 276 2678 Creditur,
289 2606 437 2684 egregius
449 2604 553 2664 forma.
570 2625 663 2710 quarn
678 2605 768 2666 ditite
783 2609 869 2670 cultu

123 2700 274 2779 Augebat,
284 2703 330 2759 bis
345 2703 440 2759 adhuc
455 2697 570 2757 octonis
583 2696 705 2776 integer
719 2700 813 2779 annis;

123 2794 248 2853 Indutus
262 2794 452 2868 chlamydem
469 2790 606 2867 Tyrium,
620 2810 711 2866 quam
725 2791 837 2851 limbus
850 2794 949 2854 obibat

109 2888 256 2955 rAureust
271 2888 413 2944 ornabant
426 2898 525 2943 aurata
540 2883 664 2941 monilia
675 2885 802 2950 collumt

124 2982 166 3039 Et
179 2979 314 3039 madidos
325 2980 452 3052 'myrrha
466 2994 593 3035 curvum
609 2975 721 3031 crinale
735 2974 868 3048 capillos.

123 3074 179 3131 lile
192 3074 317 3147 quidem
327 3072 431 3149 jaculo
442 3068 579 3146 quamvis
595 3066 733 3125 distantia
744 3066 841 3126 misso
909 3124 913 3133 ,
955 3058 958 3064 ’

121 3164 234 3241 Figere
250 3165 356 3221 doctus
370 3174 444 3231 erat3
461 3164 513 3221 sed
527 3162 653 3221 tendere
672 3159 789 3218 doctior
800 3180 897 3220 arcus.

119 3260 204 3317 Tum
220 3274 339 3332 quoque
354 3257 434 3311 lenta
447 3272 537 3313 manu
552 3255 722 3334 flectentem
737 3272 849 3312 cornua
862 3255 993 3319 Perseus

122 3351 240 3424 Stipite,
255 3347 309 3424 qui
321 3346 421 3405 media
434 3348 548 3421 positus
562 3348 695 3405 fumabat
708 3346 738 3403 in
752 3365 812 3415 ara,

121 3442 268 3524 Per-culm
282 3452 313 3499 et
326 3440 427 3503 fractis
440 3439 572 3497 confudit
586 3440 615 3498 in
628 3438 746 3497 ossibus
760 3457 822 3497 ora.

71 3552 74 3561 ’
122 3532 277 3593 Huncubi
292 3534 423 3589 laudatos
435 3529 597 3608 jactantem
612 3531 643 3589 in
657 3530 803 3607 sanguine
817 3532 918 3596 vultus
952 3609 956 3611 V

120 3626 268 3704 Assyrius
280 3626 354 3687 vidit
366 3626 509 3701 Lycabas3
524 3624 737 3701 junctissimus
751 3622 807 3695 inl

767 3713 829 3771 Μ
