2450 4009
149 276 210 341 .30.,
463 270 757 352 Memnonen.
803 233 807 235 ‘

151 413 288 495 Effugito
300 415 484 484 Australem,
495 414 695 498 junctamque
708 400 1061 501 Aquilonibus-Arcton.»

150 504 217 563 Hac
230 505 270 562 sit
281 504 349 575 iter3
370 502 525 579 manifesta
537 518 610 565 rotae
626 505 754 583 vestigia
766 524 883 568 cernes.

79 584 85 590 ¹
150 598 254 673 thue
270 597 364 655 ferant
377 616 479 672 aequos
492 609 524 657 et
536 600 650 657 coelum
663 613 695 658 et
709 613 788 670 terra
800 604 924 671 calores,

148 688 217 748 Nec
231 680 347 765 preme,
359 708 415 747 neo
431 682 588 749 summum
603 691 717 749 molire
726 711 782 767 per
795 696 909 753 aetbers
922 711 1055 753 currum.
1076 724 1079 727 ·

150 783 254 844 Altius
265 801 419 860 egressus,
432 782 563 841 coelestia
573 796 654 842 tecta
665 785 823 855 cremabisr

151 876 281 935 Inferius
293 871 399 934 terras.
419 870 519 933 Medio
532 881 696 933 tutissimus
710 882 773 936 itis.
801 914 817 944 η,

150 968 222 1029 Neu
236 980 265 1027 te
279 968 432 1026 dexterior
444 980 557 1026 tortum
572 971 701 1033 declinet
713 970 743 1027 in
758 971 914 1045 Anguem,
1008 1010 1011 1017 -

151 1060 238 1119 Neve
252 1060 419 1119 sinisterior
432 1078 568 1135 pressam
584 1073 649 1139 rota
661 1062 750 1120 ducat
763 1061 798 1119 a‘d
813 1063 921 1121 Aram:
946 1137 948 1141 ι

54 1157 57 1163 ’
132 1154 408 1230 ‘Interutrurnqus
423 1166 501 1211 tene.
524 1154 790 1229 Fortonae·caetera
801 1157 948 1232 mandop
1001 1215 1003 1218 ,
1069 1202 1075 1209 ,

151 1244 229 1317 Quae
241 1245 336 1322 juvet,
350 1258 381 1303 et
394 1244 514 1315 melius,
525 1264 618 1323 quam
633 1259 666 1306 tu
679 1246 745 1318 tibi,
757 1251 901 1315 consulat,
909 1258 989 1322 opto.

128 1370 129 1373 =
151 1335 235 1395 Dum
250 1340 365 1412 loquor;
387 1338 538 1411 Hesperio
552 1339 663 1413 positas
677 1338 707 1395 in
722 1339 823 1398 littore
836 1352 933 1398 metas

151 1430 285 1492 Humida
296 1448 355 1505 nox
363 1420 481 1507 tetigit.
502 1432 571 1513 Non
584 1432 632 1489 est
645 1448 730 1490 mora
743 1431 836 1500 libera
846 1430 943 1489 nobisa
994 1507 997 1510 x

151 1520 319 1590 Poseimur.
341 1522 476 1599 Effulget
489 1524 623 1581 tenebris
636 1525 758 1582 Aurorae
767 1523 889 1600 fugaris.

152 1614 281 1689 Corripe
294 1617 358 1672 lora
372 1634 475 1695 manus
497 1618 556 1685 vel,
570 1615 597 1674 si
609 1614 753 1675 mutabile
767 1628 876 1691 pectus
911 1669 913 1672 .
1015 1686 1019 1691 .

152 1706 209 1764 Est
221 1703 286 1777 tibi,
299 1705 443 1775 consiliis,
455 1724 514 1763 non
528 1708 675 1777 curribus,
687 1720 774 1768 utere
785 1706 908 1777 nostris,

152 1799 238 1859 Dum
251 1787 351 1875 potes,
361 1811 391 1861 et
401 1798 504 1859 solidis
517 1801 681 1873 etiamnum
696 1798 821 1859 sedibus·
828 1800 936 1869 adstas:

151 1891 298 1968 Dumque
311 1894 389 1951 male
405 1903 520 1970 optatos
534 1892 667 1950 nondum
679 1891 793 1967 premis
807 1882 921 1951 inscius
933 1909 1016 1964 axes,
1067 1926 1072 1933 ·

148 1984 233 2055 ‘Quae
244 1995 328 2042 tutus
340 1996 469 2059 spectes,
483 1982 547 2041 sine
559 2002 609 2041 me
623 1986 694 2041 dare
708 1983 823 2043 lumina
837 1984 935 2043 terris.

118 2076 292 2149 :Occupat
305 2074 357 2133 ille
369 2078 468 2155 levem
480 2074 747 2151 juvenilicorpore
761 2092 898 2143 currum:
921 2093 924 2097 ·

154 2164 278 2242 Statque
291 2184 395 2242 super3
415 2166 612 2243 manibusque
626 2168 710 2245 datas
722 2166 899 2242 contingere
913 2170 1043 2231 habenas

153 2258 282 2329 Grandem
303 2272 334 2317 et
344 2258 438 2317 invito
451 2270 551 2335 grates
565 2256 628 2334 agit
640 2257 710 2325 inde
725 2258 849 2333 parenti.
935 2271 939 2275 ’

72 2339 76 2358 '
193 2353 311 2411 Interea
323 2343 460 2413 volucres
474 2351 600 2423 Pirqeis,
614 2352 699 2410 Elius
711 2364 743 2416 et
756 2354 876 2423 AEtbon,

135 2497 137 2506 ,
152 2444 232 2503 Solis
247 2445 328 2520 equi,
343 2456 529 2521 quartusque
542 2446 690 2523 Phlegon,
703 2441 867 2505 hinnitibus
880 2464 967 2506 auras

154 2536 357 2596 Flammiferis
369 2537 506 2612 implent,
519 2537 705 2613 pedibusque
721 2539 865 2612 repagula
878 2541 1013 2613 pulsano

156 2628 234 2700 Quae
247 2640 406 2703 postquam
419 2620 555 2705 Tethys,¹
563 2628 693 2708 saeptum
706 2630 813 2707 ignara
825 2631 953 2705 nepotis,

156 2722 313 2797 Reppulit,
324 2733 355 2779 et
367 2710 443 2779 facta
452 2733 499 2779 est
510 2705 652 2799 imulensi
664 2719 752 2795 copia
763 2721 879 2791 mnndi,

156 2814 339 2891 Corripuere
354 2811 442 2883 viam,
456 2812 641 2891 pedibusque
654 2830 709 2889 per
722 2818 791 2872 abra
804 2814 895 2893 motis

158 2910 318 2967 Obstantes
330 2896 446 2975 findunt
457 2909 590 2977 nebulas,
604 2906 773 2983 pennisque
787 2906 879 2965 levati

155 2990 344 3057 Praetereunt
357 3010 436 3055 ortos
450 3000 547 3057 isdem
560 3000 598 3057 de
612 3000 745 3073 partibus
760 3000 867 3058 Euros.
1060 3061 1064 3064 Α

155 3092 218 3149 Sed
232 3092 298 3148 leve
313 3087 429 3162 pondus
441 3101 515 3157 erat;
535 3107 593 3147 nec
608 3092 690 3163 quod
703 3106 889 3163 cognoscere
902 3094 1023 3165 possent

159 3182 238 3241 Solis
250 3180 333 3257 equi:
355 3177 499 3265 solitisque
512 3180 626 3259 jugum
639 3180 785 3257 gravitate
800 3170 932 3244 carebat,
957 3254 962 3259 .
1042 3235 1046 3240 .

158 3278 260 3351 thue
275 3276 372 3331 labant
385 3279 485 3331 curvae
497 3272 579 3351 justo
591 3272 656 3331 sine
669 3274 803 3347 pondere
814 3293 915 3345 naves,

152 3370 276 3441 'Perque
290 3384 384 3437 mare,
397 3362 547 3425 instabiles
558 3364 652 3423 nimio
665 3366 795 3435 levitate,
807 3366 956 3427 ferunturs

159 3458 210 3517 Sic
223 3475 312 3517 onere
325 3470 444 3517 assueto
457 3476 568 3526 vacum
580 3458 630 3516 dat
641 3457 673 3516 in
685 3464 755 3516 abre
769 3462 872 3527 saltus,

46 3548 86 3637 s
156 3548 391 3625 succutiturque
406 3552 475 3624 slte,
489 3549 658 3627 similisque
671 3563 718 3612 est
732 3569 839 3613 currus
852 3540 940 3612 inani.
1010 3623 1013 3632 ¹
1086 3610 1091 3620 ,
