2450 4009
167 302 238 371 112
403 368 406 377 ,
478 292 769 358 Maranronru.

164 446 204 504 Et
217 444 304 503 modo
315 430 449 517 sublimis
462 438 552 501 veluti
565 443 601 499 ds
615 440 723 498 vertice
735 438 845 501 montis

162 535 324 611 Despicere
338 534 368 591 in
383 536 479 600 valles,
492 533 647 607 imumque
663 534 831 589 Acheronta
844 529 966 609 videtur:

99 648 104 661 ·
163 630 262 694 Nunc,
276 625 325 685 ubi
338 627 496 683 demissam
510 643 634 699 curvum
649 624 842 686 circumstetit
858 641 969 698 aequor,

163 717 319 791 Suspicere
333 714 446 799 inferno
457 733 609 773 summum
620 719 656 773 de
669 714 788 791 gurgite
802 718 923 773 coelum.

163 806 252 881 Saepc
266 808 315 865 dat
326 806 478 883 ingentem
490 807 582 865 fluctu
595 810 671 865 latus
683 805 741 865 icta
755 807 915 883 fragorem:

162 898 229 956 Nec
240 897 344 957 ltevius
356 902 467 973 pulsata
479 909 575 981 sonan
583 916 673 972 quam
689 898 800 957 ferreus
813 901 884 957 olim

161 990 241 1049 Cum
255 992 366 1048 laceras
379 989 454 1047 aries
467 988 613 1046 ballistave
628 991 757 1047 concutit
767 1009 859 1047 arces.

60 1141 71 1155 ἱ
162 1082 263 1155 thue
277 1082 380 1149 solent,
395 1082 521 1155 sumptis
534 1079 564 1135 in
578 1098 667 1139 cursu
684 1080 802 1149 viribus,
816 1083 859 1139 ire

161 1178 282 1235 Pectore
295 1177 325 1233 in
338 1194 419 1233 arma
433 1174 495 1241 seri,
509 1186 710 1253 praetentaque
724 1174 782 1231 tela
796 1176 906 1242 leonem

162 1266 214 1325 Sic
226 1268 275 1328 ubi
289 1285 321 1325 se
333 1264 426 1323 ventis
437 1264 585 1338 admiserit
599 1266 676 1333 unda
688 1267 806 1333 coditio,

83 1384 87 1389 ·
161 1361 226 1418 Ibat
237 1359 269 1417 in
280 1376 362 1417 arma
371 1356 454 1425 ,ratim
470 1360 695 1431 multoqueerat
708 1359 791 1414 altior
803 1356 871 1414 illis.

103 1435 107 1453 i
161 1459 287 1533 Jamque
300 1458 396 1515 labant
406 1454 504 1523 cunei,
514 1456 696 1535 spoliataque
709 1454 841 1537 tegmine
854 1472 934 1520 cerae.

162 1551 252 1609 Rima
266 1558 354 1623 patet3
366 1549 536 1622 praebetque
549 1545 629 1605 viam
641 1547 774 1623 letalibus
787 1545 883 1605 unda

162 1642 242 1699 Ecce
255 1635 362 1699 cadunt
376 1637 451 1715 largi
466 1639 600 1697 resolutis
614 1639 737 1697 nubibus
749 1637 871 1696 imbress
917 1657 920 1658 ⁷

163 1734 258 1808 Inque
270 1728 380 1789 fretum
392 1733 494 1789 credas
508 1742 603 1807 toturn
619 1732 796 1807 descendere
810 1732 930 1790 coelum:
1052 1800 1056 1806 ,

128 1812 137 1827 ¹
163 1825 258 1900 Inque
268 1825 372 1899 ,alagus
385 1821 454 1897 coeli
465 1820 659 1884 tumefactum
668 1823 825 1880 ascendere
839 1835 971 1897 pontum.

162 1916 240 1975 Vela
252 1906 500 1989 metientiumbis;
512 1925 542 1972 et
556 1929 628 1971 cum
643 1912 812 1972 coelestibus
825 1914 909 1979 undis
968 1977 972 1980 μ

112 2082 116 2087 ,
163 2010 319 2081 Equum
332 2006 493 2063 miscentur
504 1995 602 2079 aquas.¹
614 2008 703 2063 Caret
715 2003 834 2080 ignibus
841 2007 948 2081 ,aetben

84 2114 87 2118 ·
164 2100 310 2171 Caecaque
322 2115 380 2153 nox
393 2096 539 2171 premitur
552 2096 679 2161 tenebris
694 2100 866 2172 hyemisque
880 2094 1008 2170 suisque.

164 2186 336 2245 Discutiunt
349 2198 448 2263 tamen
463 2191 524 2254 has,
537 2191 726 2263 praebentque
736 2190 879 2260 ¹micantia
888 2193 992 2255 lumen,

164 2278 310 2353 Fulminat
323 2277 474 2337 fulmineis
485 2280 640 2338 ardescunt
651 2278 769 2355 ignibus
780 2286 871 2337 unde.

164 2370 225 2428 llat
238 2387 357 2445 quoque
367 2368 429 2447 jam
443 2372 534 2427 saltus
547 2369 624 2445 iutra
636 2389 706 2428 cava
719 2385 800 2429 texta
809 2374 916 2438 carinae

165 2462 300 2519 Fluctusa
314 2476 358 2529 ets
367 2475 398 2519 ut
412 2462 499 2523 miles
512 2450 638 2521 numero
652 2463 837 2535 praestantior
849 2460 942 2536 omni,

165 2554 246 2610 Cum
258 2571 337 2625 saepe
346 2553 460 2611 assiluit
474 2553 600 2611 defensae
615 2556 762 2611 moenibus
776 2554 869 2623 urbis,

166 2643 231 2715 Spe
240 2643 350 2715 potitur
362 2644 489 2707 tandeim
505 2644 656 2717 laudisque
670 2663 811 2701 accensus
823 2659 924 2705 amore

166 2733 246 2790 Inter
261 2730 345 2797 mido-
355 2732 441 2801 viros,
454 2750 575 2790 murum
587 2746 685 2806 tamen
698 2750 823 2807 occupat
835 2754 921 2807 rinus.
950 2768 955 2777 ,

113 2878 117 2888 ,
167 2824 216 2881 Sic
231 2825 278 2881 ubi
293 2825 448 2901 pulsarunt
462 2841 544 2880 acres
558 2826 647 2881 latera
661 2826 749 2881 ardua
762 2826 877 2895 fluctus,

166 2914 287 2973 Vastius
298 2914 456 2989 insurgens
468 2914 593 2973 decimae
603 2918 662 2971 ruit
674 2914 802 2990 impetus
815 2921 915 2975 undaes
960 2912 963 2915 ’

166 3008 233 3063 Nec
247 3005 330 3079 prius
344 3008 453 3064 absistit
466 3006 571 3065 fessam
585 3024 757 3083 oppugnare
768 3009 907 3078 carinam,
984 3073 986 3076 ¹

167 3096 268 3167 Quam
283 3097 401 3153 velutin
413 3108 506 3171 captae
519 3100 679 3155 descendat
690 3098 800 3155 rnoenia
812 3096 902 3153 navis.
931 3152 940 3160 ,

166 3188 239 3246 Pars
252 3184 342 3261 igitur
355 3188 478 3259 tentabat
492 3190 586 3245 adhuc
596 3189 730 3250 invadere
741 3187 855 3261 pinum;

167 3280 240 3337 Para
253 3276 343 3335 maris
356 3276 435 3357 intus
448 3291 518 3335 erat.
543 3280 702 3355 Trepidant
718 3282 791 3337 baud
806 3280 926 3352 segnius
938 3279 1052 3362 omn&

168 3368 268 3439 Quam
282 3372 354 3427 solet
367 3372 446 3435 urbs,
459 3368 526 3427 aliis
539 3390 660 3429 murum
675 3372 846 3430 fodientibus
858 3385 953 3440 extra,

168 3460 267 3531 Atque
279 3459 344 3515 aliis
358 3478 489 3527 murum,
503 3460 659 3533 trepidare,
672 3467 833 3523 tenentibus
849 3477 935 3518 intus.
973 3507 978 3517 .
1016 3508 1021 3516 .
1078 3506 1082 3515 ,

168 3546 277 3605 Deficit
289 3565 345 3605 arsa
359 3550 506 3625 animique
519 3554 636 3609 cadunt:
651 3554 829 3628 totidemque
844 3556 987 3622 videntur,
