2450 4009
461 333 539 397 ets.
552 334 592 395 v.
605 331 697 394 ras.
710 330 750 390 v.
867 298 876 307 ’

168 629 322 711 Pieridum
335 651 486 709 Certamen
499 667 563 709 ema
576 652 685 707 Marah.
700 650 757 719 Dii
768 668 787 704 a
802 649 1040 725 lhltheosugen',

269 764 353 817 aeque
367 756 508 801 mutantes
521 748 553 800 in
571 744 671 800 Varios
680 746 816 818 Formas.
829 761 903 802 ras.
915 755 945 802 t.

180 866 278 927 Musa
292 866 480 941 loquebatur.
503 866 613 925 Pennae
629 883 756 924 sonuere
770 884 826 941 per
837 884 935 926 aurasr

139 959 273 1034 Vosque
287 960 467 1019 salutantum
482 957 574 1017 ramis
588 958 727 1018 veniebat
740 961 775 1016 ab
788 957 867 1017 altis.

140 1050 284 1126 Suspicit;
297 1064 329 1121 et
342 1051 454 1129 linguae
468 1050 577 1127 (luaerit
590 1064 652 1110 tam
667 1062 751 1109 certa
764 1054 924 1127 loquentes

140 1146 232 1204 Unde
246 1156 365 1204 sonent:
382 1144 596 1220 hominemque
609 1156 696 1220 putat
707 1146 782 1203 love
795 1156 864 1203 nata
875 1148 1019 1205 locutum.

139 1238 217 1297 Ales
230 1251 323 1307 erens
337 1254 523 1312 numeroque
536 1254 647 1294 novem
659 1256 712 1294 sua
725 1236 782 1294 lata
793 1236 956 1313 querentes
1009 1241 1012 1246 ’

141 1329 315 1389 Institerant
327 1332 419 1389 ramis
433 1329 583 1389 imitantes
597 1329 700 1387 omnia
712 1330 799 1404 picae.
982 1316 985 1321 ¹
1041 1312 1048 1330 ’

141 1422 268 1481 Miranti
281 1421 326 1480 sic
340 1412 408 1481 orsa
422 1422 498 1482 Deae
513 1423 592 1481 Dea:
608 1424 717 1496 Nuper
729 1434 760 1479 et
772 1422 838 1481 istae
927 1420 931 1426 ’
1017 1459 1024 1473 ·

142 1515 303 1577 Auxerunt
319 1518 474 1575 volucrum
489 1515 575 1575 victae
587 1516 754 1574 certamine
770 1518 896 1573 turbam.

143 1606 251 1665 Pierus
265 1609 318 1663 has
332 1606 438 1683 genuit
450 1607 573 1664 Pellaeis
586 1607 670 1664 dives
684 1606 713 1662 in
725 1606 812 1663 arvis.

63 1754 70 1769 f
142 1699 263 1759 Paeonis
278 1698 374 1775 Eripe
388 1711 486 1758 mater
500 1699 566 1757 luit:
581 1696 632 1757 illa
647 1710 802 1773 potentem

123 1776 128 1794 ¹
143 1790 290 1851 Lucinam
304 1792 535 1861 novies-novies
549 1791 680 1867 paritura
693 1792 819 1851 vocavit.

144 1882 291 1943 Intumuit
306 1887 435 1944 numero'
447 1885 622 1944 stolidarum
633 1887 719 1944 turba
732 1904 889 1957 sororumz·
908 1906 912 1912 ’

143 1977 262 2051 Perque
277 1988 320 2035 tot
334 1976 521 2046 Haemonias,
535 1991 566 2035 et
579 1996 635 2052 per
646 1989 690 2035 tot
704 1978 856 2035 Achaidas
869 1980 959 2038 urbes

144 2072 216 2129 Huc
229 2070 321 2129 venit:
335 2082 366 2129 et
378 2070 430 2128 tali
441 2061 636 2129 committunt
649 2070 755 2147 praelia
769 2062 860 2141 voce;'

145 2162 282 2223 Desinite
293 2162 451 2222 indoctum
463 2180 538 2221 vana
551 2162 710 2222 dulcedine
724 2164 834 2239 vulgus

145 2256 272 2315 Fallere
295 2255 513 2326 Nobiscum,
490 2275 515 2313 sr
529 2276 588 2331 qua
602 2268 650 2313 est
663 2255 773 2312 fiducia
786 2254 881 2326 vobis,

146 2347 335 2424 Thespiades
347 2359 460 2406 certate
474 2348 561 2427 Deae.
577 2366 634 2405 nee
646 2366 731 2415 voce,
741 2366 798 2405 nec
810 2358 874 2405 arte

146 2442 327 2509 Vincemur;
341 2441 528 2515 totidemque
543 2458 658 2497 sumus
677 2440 738 2496 Vel
752 2440 849 2496 cedite
862 2437 950 2499 victae
1030 2478 1033 2483 -

147 2534 241 2592 Fonte
254 2534 425 2602 Medusaeo,
437 2544 467 2590 et
479 2533 618 2607 Hyantea
632 2531 803 2607 Aganippe:

146 2626 208 2684 Vel
221 2644 277 2685 nos
291 2625 440 2685 Emathiis
454 2627 490 2683 ad
504 2628 631 2684 Paeonas
644 2643 740 2699 usque
752 2623 871 2681 nivosos

135 2716 297 2777 'eeumus
311 2722 436 2796 campis.
453 2718 607 2777 Dirimant
619 2717 786 2797 certamina
799 2717 960 2793 Nymphae.

103 2844 111 2861 ·
149 2810 253 2887 Turpe
269 2810 390 2888 quidem
407 2814 587 2871 contendere
601 2826 677 2878 eran
693 2811 745 2869 sed
759 2812 867 2867 cedere
884 2810 982 2867 visum
1049 2810 1054 2817 '

128 2942 132 2947 -
150 2894 294 2979 Turpius.
309 2906 422 2961 Electae
433 2904 536 2979 jurant
547 2921 601 2977 per
612 2901 736 2979 humina
746 2902 911 2973 Nymphae,

149 2994 299 3071 Factaque
313 2996 351 3053 de
365 2994 433 3051 vivo
447 3011 586 3078 pressere
602 2991 707 3049 sedilia
714 3008 801 3048 saxo

151 3087 250 3157 Tunc,
263 3085 327 3145 sine
341 3098 421 3145 sorte
435 3086 526 3161 prior,
540 3103 609 3161 quae
624 3106 657 3143 se
669 3084 934 3159 certareprofessa
946 3099 1002 3158 est,
1028 3086 1031 3092 ’

151 3180 234 3238 Bella
247 3178 327 3237 canit
341 3182 505 3254 Superum:
521 3176 658 3253 falsoque
670 3180 699 3235 in
715 3175 834 3236 honore'
835 3179 977 3254 gigantes

151 3272 247 3338 Ponit,
258 3281 290 3328 et
302 3284 443 3327 extenuat
456 3288 636 3346 magnorum
650 3269 726 3327 facta
738 3270 886 3328 Deorum:

152 3361 391 3437 Emissumque'
382 3380 445 3420 ima
458 3364 495 3423 de
510 3366 580 3423 sede
593 3363 738 3439 Typho'e'a
749 3375 837 3420 terrae

153 3456 306 3528 Caelitibus
320 3456 429 3514 lesisse
444 3469 571 3520 metuant
587 3469 771 3531 cunctosque
785 3452 902 3512 dedisse

155 3550 258 3625 Terga
270 3550 363 3627 fugae
377 3550 473 3608 donec
488 3549 580 3606 lessus
595 3538 731 3627 AEgyptia
742 3547 835 3606 tellus
899 3551 909 3560 '⁴

110 3648 114 3655 '
154 3643 287 3717 Cepertt,
299 3654 330 3702 et
343 3654 463 3719 septem
476 3640 648 3701 discretus
640 3661 672 3700 1u
683 3642 764 3699 ostra
760 3638 872 3699 Nilus
932 3659 937 3667 ·

729 3732 762 3790 Η
