2450 4009
421 319 501 379 nib.
515 316 605 377 Xlll.
618 317 711 376 ΕΑΒ.
726 320 750 377 Ι.
837 384 841 391 ,
983 314 1052 384 123

11 442 15 469 l

11 474 13 507 l

120 454 216 533 Quod
229 462 256 521 si
269 462 424 521 veralic'et
435 463 514 521 mihi
522 464 633 529 ‹licere3
646 465 792 537 quaeritur
805 458 882 528 istis,

120 553 224 626 Qua'm
247 558 331 625 mini,
351 557 446 635 major
469 560 573 613 nortus:
599 557 818 633 conjunctaque
838 550 1054 629 gloria,nostra
1108 623 1112 629 Δ

204 662 267 703 eat:

83 788 90 803 ,
123 738 228 812 Atque
245 738 324 819 Ajax
337 739 440 807 amris,
453 758 511 799 nun
526 739 618 817 Ajaci
629 758 710 797 arma
719 751 874 813 petuntur.

123 828 268 887 Confetat
284 831 329 887 his
343 834 463 891 Ithacus
479 834 624 895 Rhesum,
639 833 854 905 imbellemque
870 829 996 897 Dolona,

123 920 357 999 Priamidenque
371 926 525 984 Helenum
539 936 621 999 rapta
633 942 703 983 cum
716 926 834 981 Pallade
846 936 977 996 captum.
1029 938 1033 944 ’

123 1013 211 1069 Luce
224 1016 296 1074 nihil
312 1028 444 1090 gestum,
458 1016 533 1074 nihil
551 1029 603 1077 est*
614 1016 763 1075 Diomede
771 1029 898 1074 remoto.

125 1104 160 1161 si
175 1108 269 1162 semel
280 1105 336 1163 ista
348 1108 424 1165 datis
436 1109 553 1167 meritis
568 1122 629 1167 tam
643 1109 754 1167 vilibus
766 1125 858 1176 arma3
953 1162 960 1175 ,
993 1094 999 1101 ’

123 1196 269 1255 Dividitc:
284 1212 316 1256 et
327 1200 425 1276 maj0r
437 1219 505 1276 pars
518 1200 557 1261 sit
571 1200 730 1259 Diomedis
745 1201 774 1257 in
788 1200 858 1259 inis.

123 1290 194 1362 Quo
208 1303 308 1374 tumen
321 1294 386 1349 haec
402 1292 516 1351 ltnacu?
530 1293 683 1369 qui-clam,
696 1293 749 1370 qni
759 1311 881 1367 semper
892 1290 1016 1353 inermis

125 1383 205 1439 Rern
217 1384 304 1458 gerit3
317 1385 448 1443 citurus
461 1385 616 1445 incautum
629 1378 743 1460 decipit
756 1382 886 1443 bostem?

126 1476 196 1555 Ipse
211 1474 287 1532 nitor
301 1480 395 1550 galeae
410 1482 490 1535 claro
504 1478 645 1535 radiantis
658 1481 693 1535 ab
706 1495 780 1535 auro

125 1566 252 1625 Insidias
267 1569 381 1640 prodet,
399 1570 654 1642 manifestabitque
669 1572 820 1625 latentem.

105 1681 116 1742 j
126 1660 184 1716 Sed
196 1676 293 1733 neque
309 1659 470 1717 Dulichius
483 1664 538 1717 sub
548 1660 678 1717 Achillis
690 1659 807 1718 casside
821 1670 926 1720 vertex

125 1752 261 1809 Pondere
272 1762 348 1807 tanta
362 1750 445 1813 feret.
467 1754 534 1811 Nec
549 1770 606 1809 non
619 1771 743 1811 onerosa
752 1750 912 1828 gravisque

125 1844 223 1901 Pelias
237 1863 304 1904 esse
318 1856 415 1915 potest
427 1845 600 1902 imbellibus
617 1846 698 1902 nasta
708 1844 841 1905 lacertis.

125 1936 192 1995 Nec
204 1939 328 2011 clypeus
343 1936 417 1993 vasti
426 1940 549 1995 caelatus
560 1936 691 2007 imagine
707 1936 814 1993 mundi

124 2028 291 2087 Conveniet
305 2028 428 2092 timidae,
437 2040 573 2103 nataeque
588 2028 624 2085 ad
636 2026 716 2087 furta
728 2028 868 2087 sinistrae.

122 2118 358 2178 Debilitatururn
369 2120 439 2193 quid
452 2132 481 2179 te
494 2119 581 2195 petis,
595 2118 742 2193 improbe,
753 2116 877 2181 munus?

124 2213 212 2285 Quod
225 2210 314 2269 tibisi
327 2210 432 2287 pepuli
445 2212 605 2269 donaverat
617 2231 703 2270 error
716 2213 836 2280 Achivi;

124 2306 187 2363 Cur
199 2303 346 2377 spolieris
359 2301 428 2369 erin
443 2320 512 2371 non,
525 2320 579 2361 cut
593 2303 739 2361 metuaris
750 2307 787 2361 ab
799 2306 895 2361 hoste.

124 2394 165 2453 Et
177 2394 248 2468 fuga
261 2394 334 2468 (qua
349 2394 413 2460 sola
424 2404 558 2461 cunctos,
571 2392 775 2460 timidissime,
788 2394 897 2469 vincis)

45 2554 47 2557 ¹
124 2488 223 2545 Tarda
234 2486 334 2545 futura
347 2483 400 2543 tibi
414 2496 460 2543 est
471 2484 639 2560 gestamina
651 2495 733 2543 latita
744 2484 884 2543 trahenti.
894 2514 898 2518 ·

125 2580 223 2647 Adde,
234 2582 313 2653 quod
326 2578 383 2637 iste
394 2590 477 2646 tuus,
491 2590 551 2635 tam
561 2594 629 2633 raro
643 2576 748 2651 praelia
762 2595 878 2651 passus,

126 2673 247 2745 Integer
259 2684 306 2728 est
318 2674 452 2745 clypeus.
474 2672 597 2739 Nostro,
610 2670 663 2746 qui
675 2674 733 2729 tela
746 2669 869 2728 serendo

125 2762 210 2820 Mille
224 2774 305 2835 patet
317 2763 424 2839 plagis,
436 2782 529 2823 novus
542 2776 588 2821 est
602 2779 761 2822 successor
773 2765 934 2823 habendus.

125 2852 275 2930 Denique,
288 2853 361 2929 quid
376 2858 473 2911 verbis
486 2872 563 2928 epus
577 2854 636 2912 esti
652 2868 825 2928 spectemur
837 2858 962 2930 agendo.

125 2946 218 3005 Arma
232 2946 289 3003 viri
301 2946 384 3003 fortis
398 2948 513 3005 medios
524 2945 682 3005 mittantur
692 2945 726 3004 in
739 2947 851 3012 bostem

94 3074 101 3088 -
125 3040 195 3097 Inde
208 3040 311 3114 jubete
321 3037 395 3112 peti,
407 3050 438 3095 et
453 3037 634 3115 referentem
643 3048 746 3097 ornate
758 3035 869 3096 relatis.

163 3130 295 3187 Finierat
307 3130 473 3187 Telamone
488 3144 581 3196 satus3
595 3129 741 3207 vulgique
752 3140 891 3187 secutum

125 3210 239 3281 btiima
251 3238 389 3281 mut-mur
399 3234 472 3279 erat.
494 3222 599 3283 Donec
612 3221 752 3280 Laertius
763 3222 853 3278 heros

56 3332 61 3337 ·
108 3348 110 3356 ‹
125 3314 358 3386 Adstitit‚·atque
373 3315 476 3371 oculos
489 3304 623 3385 paullum
637 3316 741 3370 tellure
754 3322 887 3370 moratos

125 3405 250 3461 Sustulit
262 3405 298 3461 ad
313 3418 465 3476 procerem
478 3416 711 3478 exspectatoque
725 3402 849 3467 resolvit

126 3498 187 3565 Ora
202 3500 398 3569 suncz‘neque
409 3495 493 3551 abest
506 3492 641 3553 facundis
655 3494 860 3571 gratiadictis.

162 3588 195 3645 Si
207 3604 360 3653 meseum
371 3584 480 3645 vestris
493 3584 655 3645 valuissent
668 3596 746 3655 veta,
760 3586 889 3661 Pelasgi,
927 3632 930 3635 .
