2450 4009
108 302 210 401 ⁶⁶⁰.
337 316 342 324 .
411 310 416 317 ·
472 294 773 359 uersarentur:
827 271 830 276 ’
921 354 925 360 ,

382 598 530 670 Pyramus
545 610 572 665 er
589 600 703 656 Hisbo.
721 616 796 657 ass.
808 618 850 668 11.
921 646 925 649 .

194 719 352 777 Prssuus
366 718 397 776 et'
412 716 537 787 Thisbe·
548 716 696 797 juvenum
709 713 933 795 pulcherrimus
943 720 1028 797 alter,
1043 749 1046 753 ⁴

100 832 104 836 ·
155 807 263 869 Altera
275 830 349 887 quas
363 810 475 872 Oriens
487 810 589 869 habult
603 815 728 886 praelata
740 808 851 885 puellis

155 903 321 979 contiguas
335 914 460 961 tenuere
474 904 591 960 domoss
611 902 787 967 ubidicitur
798 905 889 967 altum

155 993 318 1077 coctilibus
331 994 427 1052 muris
440 993 571 1054 cinxisse
585 992 764 1051 Semiramis
775 985 894 1053 urbem.
916 1040 918 1043 .

152 1086 312 1154 Notitiam,
324 1084 498 1163 primosque
512 1086 624 1161 gradus
637 1084 746 1145 vicinia
758 1084 841 1163 facita

153 1178 307 1252 Tempore
322 1176 416 1235 crevit
429 1196 522 1235 amor.
543 1178 648 1237 Taedae
663 1196 785 1255 quoque
797 1178 867 1256 jure
881 1183 1023 1251 coissentt

154 1272 215 1328 Sed
228 1282 351 1329 vetuere
365 1282 474 1345 patres:
495 1266 575 1346 quod
588 1288 647 1327 non
661 1282 788 1345 potuere
801 1284 912 1343 vetare,
949 1338 953 1341 ⁴

152 1362 200 1421 Ex
214 1380 301 1439 aequo
312 1360 407 1435 captis
419 1362 562 1425 ardebant
572 1363 723 1421 mentibus
735 1363 832 1419 ambo.

152 1454 300 1517 Conscius
311 1453 408 1512 omnis
423 1456 518 1515 abest=
532 1466 608 1513 nutu
623 1452 777 1530 signisque
789 1456 962 1530 loquuntur,

155 1552 272 1622 Quoque
285 1551 514 1621 magistegitur‚
528 1561 620 1621 tectus
633 1552 725 1621 magia
738 1555 835 1607 estuat
848 1550 937 1620 ignia.
1009 1605 1013 1611 ,

150 1642 255 1701 Fissus
268 1653 334 1699 erat
346 1640 430 1699 tenui
443 1640 530 1705 rima,
543 1660 635 1717 quam
646 1642 773 1702 duxerat
783 1641 857 1700 olim

57 1760 61 1763 ¹
152 1736 232 1793 Cum
246 1733 341 1800 lieret,
353 1732 452 1807 paries
466 1724 752 1792 domuicommunis
764 1733 891 1807 utrique.
930 1760 934 1765 ·
983 1728 1013 1775 7

129 1897 131 1907 ἴ
151 1826 186 1885 ld
199 1824 399 1893 vitium,nulli
412 1842 467 1901 per
479 1828 582 1883 secula
591 1826 682 1901 longa
691 1838 836 1895 notatum,
879 1894 883 1898 .

151 1918 246 1995 (Quid
256 1907 313 1972 non
325 1920 413 1973 sentit
424 1916 537 1994 amor?)
552 1916 645 1993 primi
658 1918 795 1977 sensistis
806 1924 951 1985 amantes,
983 1964 992 1976 ,

151 2010 192 2068 Et
206 2007 272 2067 voci
284 2008 399 2068 fecistis
412 2008 479 2066 iter:
502 2021 637 2085 tutaeque
650 2027 708 2085 per
719 2011 794 2069 illud

150 2101 310 2159 Murmure
321 2098 471 2157 blanditiae
483 2100 611 2158 minimo
621 2102 747 2159 transire
762 2103 903 2159 solebant.

151 2194 250 2267 Saepe,
263 2202 297 2249 ut
309 2190 514 2257 constiterant,
526 2190 597 2251 hinc
609 2191 733 2261 Thisbe,
746 2193 892 2267 Pyramus
905 2188 998 2258 illinc3
1050 2246 1054 2249 ,
1082 2236 1088 2259 .-

99 2355 107 2364 ι
150 2286 248 2361 Inque
263 2283 363 2342 vicem
375 2282 471 2357 fuerat
483 2276 620 2358 captatus
631 2283 784 2362 ¹anhelitus
796 2282 871 2351 cris;
969 2303 971 2307 ·

149 2377 263 2446 hvide,
278 2376 423 2445 dicebant,
436 2375 543 2451 paries,
557 2376 630 2453 quid
642 2377 809 2436 amantibus
821 2374 933 2435 obstas?
953 2416 957 2421 -
1031 2420 1035 2424 .

149 2468 304 2543 Quantum
317 2482 391 2538 erat,
404 2482 438 2527 ut
452 2469 564 2529 sineres
578 2481 641 2529 toto
651 2490 705 2529 nos
721 2489 847 2546 corpore
858 2468 959 2547 jungi!

150 2565 224 2628 Aut,
238 2564 295 2619 hoc
310 2562 335 2619 si
347 2548 547 2631 nimiumvel
561 2564 596 2620 ad
610 2566 712 2621 oscula
723 2564 819 2621 danda
830 2558 960 2635 pateres!

150 2654 218 2711 Nec
232 2652 328 2710 simus
340 2653 461 2727 ingratis
477 2652 535 2727 vtibi
549 2672 602 2711 nos
617 2656 728 2712 debere
742 2654 881 2721 fatemur,
913 2703 916 2706 .

150 2746 239 2818 Quod
252 2745 338 2803 datus
348 2756 396 2803 est
409 2744 508 2804 verbis
523 2747 559 2803 ad
573 2746 686 2804 amicas
700 2744 842 2803 transitus
853 2760 951 2822 aures.
1003 2794 1007 2799 ,
1042 2743 1054 2799 f

150 2836 236 2895 Talia
249 2836 366 2897 diversa
379 2836 584 2913 nequicquam
594 2840 665 2897 sede
679 2837 782 2905 locutu
851 2869 855 2873 ·

151 2929 213 2986 Sub
228 2942 346 2987 noctem
360 2925 474 3000 dixere,
487 2930 577 2987 Vale:
600 2921 738 3007 partique
750 2928 861 2987 dedere
912 2988 923 3001 ,

151 3021 265 3078 Oscula
278 3020 404 3095 quisque
420 3038 493 3088 suae,
505 3040 564 3078 non
579 3021 781 3097 pervenientia
794 3015 906 3078 contra.

149 3144 152 3151 ·
187 3113 311 3170 Postera
324 3120 485 3167 nocturnos
499 3114 619 3170 Aurora
633 3101 801 3169 removerat
811 3110 908 3185 ignes,

120 3220 128 3230 ‘
151 3205 262 3282 Solque
274 3202 431 3280 pruinosas
444 3202 533 3259 radiis
547 3203 710 3262 siccaverat
723 3205 839 3261 herbas:

150 3299 201 3358 ·Ad
215 3297 336 3355 solitum
349 3299 452 3355 coiere
463 3296 571 3351 locum.
593 3296 675 3353 Tum
689 3313 845 3354 murmure
859 3312 948 3374 parvo

7 3388 8 3391 ’
50 3444 53 3448 ,
152 3387 251 3445 Multa
261 3388 344 3461 prius
356 3388 463 3463 questi,
476 3398 619 3455 statuunt,
632 3399 667 3446 ut
678 3400 765 3446 nocte
781 3386 881 3445 silenti

152 3480 268 3535 Fallere
284 3482 431 3548 custodes,
444 3478 616 3555 foribusque
630 3484 780 3540 excedere
795 3487 920 3537 tententa

151 3568 290 3645 Cumque
300 3572 390 3627 domo
399 3570 534 3640 exierint,
544 3571 627 3631 urbis
635 3591 755 3649 quoque
763 3574 890 3632 claustra
898 3566 1075 3646 relinquant:
1173 3636 1177 3644 s
