2450 4009
178 380 228 477 20
326 379 335 387 ’
393 360 395 363 ’
499 405 794 515 usrauonru.
861 373 867 441 ἶ

178 548 239 607 Bos
254 560 374 626 quoque
386 548 519 608 formosa
532 562 586 610 est.
600 502 749 626 ¹Speciem
763 552 1050 641 Satumiaraccae‚

111 642 113 646 ’
177 640 378 719 Quanquam'
371 641 471 727 invita,
486 646 600 718 probat.
622 663 738 702 necnon
751 654 783 705 et
787 644 895 723 cujus,
909 657 941 705 et
953 647 1042 714 unde,

176 734 283 807 Quove
299 735 337 793 sit
350 746 496 805 armento,
508 736 572 796 veri
586 755 671 811 quast
679 754 792 806 nescia,
806 737 925 813 quaerit.

176 826 295 904 Jupiter
309 847 326 886 e
341 840 421 886 terra
432 828 569 904 genitam
582 828 737 900 mentitur,
746 841 784 889 ut
797 826 901 888 auctor
971 884 975 891 .

175 920 305 980 Desinat
317 919 438 995 inquiri.
461 920 539 991 Petit
552 922 628 999 banc
640 921 779 978 Saturnia
790 940 911 980 munus.

95 1044 100 1055 v
175 1014 258 1088 Quid
271 1012 372 1072 faciat?
394 1009 526 1083 crudele,
540 1020 611 1073 suos
625 1012 765 1071 addicere
780 994 908 1073 amores:

174 1106 245 1164 Non
259 1108 341 1175 dare,
356 1116 542 1179 suspectum
563 1106 664 1163 Pudor
675 1118 732 1173 est,
745 1104 798 1180 qui
811 1106 934 1163 suadeat
947 1103 1042 1175 illinc;
1063 1144 1068 1147 -
1091 1137 1093 1142 ·

174 1197 255 1259 Hinc
270 1199 421 1259 dissuadet
434 1216 528 1256 amor.
548 1197 657 1257 Victus
668 1199 764 1273 pudor
777 1209 860 1260 esset
873 1215 987 1256 amore:

175 1291 237 1349 Sed
251 1293 317 1349 leve
330 1290 357 1348 si
370 1310 481 1349 munus
495 1289 585 1349 sociae
601 1290 784 1368 generisque
798 1290 917 1367 torique
1016 1369 1019 1370 ⁷

174 1382 281 1467 Vacca
288 1395 462 1464 negaretur,
475 1394 592 1459 poterat
603 1402 662 1441 non
676 1402 765 1441 vacca
777 1382 882 1441 videri.

173 1475 287 1535 Pelliee
301 1478 415 1545 donata,
427 1492 485 1532 non
501 1473 638 1557 protinus
653 1474 738 1533 exuit
751 1493 875 1534 omnem

173 1566 253 1627 Diva
265 1580 395 1636 metum,
413 1565 575 1643 timuitque
591 1568 709 1637 iovem,
722 1577 752 1625 et
763 1563 821 1627 fnit
834 1566 922 1628 anxia
933 1567 1016 1640 furti,

172 1632 280 1719 Dbnec
296 1659 473 1720 Aristoridae
486 1660 661 1717 servandam
673 1657 794 1732 tradidit
798 1661 900 1738 Argo.

142 1798 144 1803 .
211 1753 343 1810 Centum
358 1750 520 1809 luminibus
534 1753 666 1807 cinctum
679 1763 769 1824 caput
782 1751 889 1827 Argus
901 1752 1036 1835 habebat

172 1844 249 1905 inde
260 1843 322 1903 suis
337 1830 453 1901 uicibus
465 1841 662 1947 capiebant
630 1840 699 1899 bina
706 1840 855 1917 quietem:

173 1938 294 1996 Caetera
306 1940 471 2005 servabant,
485 1950 576 2011 atque
590 1934 620 1993 in
635 1934 762 1994 statione
775 1936 958 1996 manebant
965 2003 967 2008 .

173 2030 355 2087 Constiterat
370 2046 551 2105 quocunque
566 2030 666 2096 modo,
680 2028 833 2102 spectabat
845 2028 882 2085 ad
896 2028 941 2085 lo:
981 2049 983 2052 ·

56 2125 61 2131 “
144 2176 146 2178 ,
171 2122 253 2181 Ante
267 2122 373 2178 oculos
389 2122 432 2195 lo,
446 2118 585 2194 quamvis
599 2137 733 2186 aversus,
746 2120 880 2185 habebat.
915 2159 917 2163 -

171 2214 257 2273 Luce
270 2211 340 2271 sinit
353 2212 445 2287 pascit
468 2230 539 2270 cum
554 2213 597 2269 sol
612 2212 721 2269 tellure
736 2203 792 2268 sub
806 2213 864 2267 alta
877 2221 933 2279 est,

172 2305 304 2375 Claudit,
316 2318 347 2365 et
359 2304 482 2381 indigno
497 2300 665 2363 circumdat
678 2303 796 2361 vincula
808 2304 898 2359 collo.

136 2392 138 2397 ’
172 2398 339 2457 Fraudibus
353 2392 494 2466 arbuteis,
507 2409 537 2455 et
548 2415 650 2455 amara
660 2395 792 2471 pascitur
805 2395 907 2462 herbar

171 2494 292 2567 Proque
305 2503 383 2562 toro,
397 2504 485 2551 terrae
495 2510 557 2549 non
573 2507 696 2564 semper
707 2506 834 2565 gramen
847 2480 967 2545 habenti

171 2586 298 2643 Incubet
310 2583 425 2651 infelix,
437 2582 604 2657 limosaque
618 2580 744 2651 flumina
756 2590 847 2653 potat

171 2677 229 2733 Illa
241 2674 335 2732 etiarn
349 2677 476 2749 supplex
492 2677 577 2748 Argo
589 2692 663 2730 cum
673 2672 796 2729 brachia
807 2674 899 2731 vellet

172 2765 334 2833 Tendere-5
348 2784 405 2823 non
421 2754 531 2845 habuit,
546 2783 614 2838 quae
626 2761 899 2835 brachia'tenderet
910 2764 1012 2841 Argo;

172 2859 345 2934 Conatoque
360 2858 446 2934 queri
460 2852 595 2933 mugitus
608 2856 703 2917 edidit
714 2876 778 2915 ore:
794 2916 800 2924 ³

172 2951 394 3027 Per-timuitque
409 2970 508 3020 sonos,
522 2950 702 3027 propriaque
717 2949 864 3027 exterrita
876 2968 950 3021 uoce
961 2959 1018 3007 est.

172 3044 265 3103 Venit
278 3056 309 3102 et
322 3046 358 3101 ad
372 3044 463 3118 ripas,
476 3045 527 3102 ubi
542 3048 644 3103 ludere
660 3062 742 3117 saepe
756 3047 876 3111 solebat,
951 3083 953 3090 =
1016 3112 1018 3116 ι

172 3134 331 3197 Inachidas
347 3132 437 3209 nipast
457 3153 591 3209 novaque
606 3147 640 3192 ut
652 3134 812 3210 conspexit
825 3133 856 3190 in
869 3134 948 3192 unda
963 3140 966 3146 '
1084 3124 1093 3143 ⁸

173 3231 304 3299 Cornua,
316 3226 483 3305 pertimuit,
498 3247 591 3303 seque
608 3238 764 3286 externata
777 3226 900 3319 refugit.
954 3272 958 3280 .
983 3261 986 3264 -
1067 3241 1069 3244 ·

172 3324 307 3383 Naides
299 3334 445 3399 agnorant
464 3322 588 3397 ignorat
601 3333 632 3380 et
648 3321 798 3399 lnaclrus
792 3338 868 3395 rpse,
1064 3381 1067 3390 ,

174 3417 251 3489 Quae
266 3416 313 3473 sit.
333 3418 377 3473 At
385 3414 435 3472 rlla
448 3426 566 3488 patrem
580 3414 728 3489 sequitur,
740 3412 939 3487 sequiturque
953 3397 1084 3479 sororem

173 3510 215 3567 Et
227 3507 337 3582 patitur
347 3507 439 3583 tangi,
454 3525 547 3582 seque
561 3496 776 3565 admirantibus
790 3506 887 3564 offert

174 3598 344 3673 Decerptas
356 3598 459 3673 senior
469 3590 647 3673 porrexerat
659 3600 790 3656 Inachus
805 3598 924 3663 herbam

174 3692 233 3751 Illa
245 3708 352 3751 manus
364 3690 478 3763 lambit,
490 3691 655 3769 patriisque
668 3692 717 3751 dat
728 3690 833 3749 oscula
844 3686 965 3779 palmipr
