2450 4009
379 314 384 321 ·
434 300 618 371 mnxrn.
639 298 768 358 mni
994 298 1065 397 ¹2⁵,

12 454 15 531 l
130 450 171 507 in
184 446 298 522 quibus»
307 445 448 524 Ajacem,
461 456 590 519 sumptae
604 442 722 503 fallacis
731 441 833 501 vestis.

131 540 232 597 Arma
244 556 304 613 ego
317 536 465 606 femineis,
477 536 612 597 animum
629 549 745 597 motura
757 534 885 603 virilem,

131 629 295 693 Mercibus
304 629 424 689 inserui.
445 630 554 704 Neque
568 629 667 685 adhuc
680 627 851 704 projecerat
863 629 952 687 ueros

131 722 300 798 Virgineus
314 722 438 786 habitus.
459 724 539 779 Cum
554 738 704 795 parmam,
718 724 892 795 hastamque
903 704 1030 788 tenenti,
1122 714 1126 719 “

133 816 216 873 Nate
232 815 308 880 Dea,
321 814 397 882 dixi3
413 812 468 872 tibi
481 832 514 871 se
528 812 662 887 peritura
674 825 829 870 reservant

132 906 294 981 Pergama.
313 904 522 977 Quiddubitas
532 904 691 981 ingentem
706 917 843 962 evertere
859 901 1001 979 Trojam?

132 982 291 1072 iniecique
304 1015 438 1063 manum;
451 995 621 1072 fortemque
634 997 670 1053 ad
684 995 774 1055 fortia
786 995 867 1053 misi.

133 1087 220 1161 Ergo
232 1106 323 1161 opera
337 1088 418 1145 illius
433 1107 502 1147 mea
516 1101 595 1145 sunt.
616 1087 684 1163 Ego
698 1088 857 1162 Telephon
869 1087 954 1146 hasta
1022 1103 1026 1109 ·

132 1178 322 1252 Pugnantem
334 1178 448 1239 domui:
463 1178 587 1245 victum,
601 1189 797 1253 orantemque
809 1178 913 1236 refeci.

133 1270 225 1343 Quod
239 1273 353 1333 Thebae
365 1274 512 1339 cecidere,
523 1288 628 1331 meum
643 1282 701 1340 est.
724 1271 778 1327 Me
793 1270 909 1329 credite
923 1272 1058 1347 Lesbon„

135 1364 191 1423 Me
205 1366 362 1433 Tenedon,
376 1366 586 1439 Chrysenque,
600 1376 630 1420 et
644 1364 753 1437 Cyllan
766 1361 917 1439 Apollinis
930 1366 1032 1432 urbes,

133 1454 175 1513 Et
188 1457 283 1529 Syron
297 1456 425 1529 cepisse:
440 1474 510 1515 mea
521 1474 668 1513 concussa
678 1467 781 1531 putate

134 1547 336 1605 Procubuisse
350 1548 414 1606 solo
424 1546 572 1620 Lyrnesia
584 1546 695 1603 moenia
705 1548 819 1603 dextra.

133 1626 238 1713 thue
253 1641 327 1696 alios
341 1652 468 1704 taceam3
482 1639 534 1711 qui
548 1654 663 1696 saevum
677 1638 805 1711 perdere
818 1648 920 1725 pospet

134 1730 280 1802 Hectora,
290 1747 400 1803 nempe
413 1727 493 1788 dedi·
504 1730 573 1787 .Per
585 1748 636 1787 me
648 1728 732 1806 jacet
741 1730 870 1804 inclytus
885 1731 1008 1789 Hector.

135 1822 200 1881 luis
215 1824 279 1880 haec
293 1822 393 1887 armis,
406 1820 514 1894 quibus
526 1833 573 1877 est
587 1819 727 1879 inventus
741 1822 888 1890 Achilles,

106 1902 110 1907 ’
135 1915 231 1981 Arma
246 1928 324 1987 peto.
346 1912 425 1969 Vivo
436 1913 590 1978 dederam,
601 1921 668 1985 post
681 1910 742 1969 ieta
753 1928 887 1987 reposco.

135 2004 179 2061 Ut
192 2005 277 2088 dplor
290 2002 380 2062 unius
395 2003 513 2061 Danaos
523 2003 661 2077 pervenit
673 2006 711 2062 ad
723 2022 839 2074 omnes,
943 2007 950 2017 '

135 2094 308 2170 Aulidaque
325 2095 488 2163 Euboicam
500 2098 690 2169 complerunt
702 2096 786 2177 mille
801 2096 946 2169 carinatis*

135 2186 315 2261 Exspectata
330 2186 390 2257 diu,
404 2191 492 2257 nulla,
505 2199 556 2245 aut
567 2188 715 2254 contraria
727 2189 828 2257 classi,
1031 2182 1035 2186 ’

134 2278 270 2337 Flamina
283 2292 360 2339 aunt:
374 2282 520 2353 dureque
532 2278 885 2356 jubentAqememnona
898 2292 994 2341 sortes

117 2372 323 2436 ,Immeritam
337 2390 426 2433 saevae
440 2384 541 2431 natam
556 2385 687 2437 mactare
698 2372 814 2432 Dianae.
875 2428 879 2433 .

136 2462 275 2539 Denegat
286 2466 343 2523 hoc
355 2457 484 2538 ‚genitore
501 2461 650 2537 Ditisque
665 2462 803 2524 irascitur
812 2463 897 2537 ipsis:
925 2495 929 2500 ,

136 2557 237 2629 Atque
250 2555 282 2613 in
296 2572 371 2631 rege
381 2568 480 2615 tamen
494 2568 579 2630 pater.
591 2567 648 2612 est.
661 2556 737 2631 ,Ego
751 2554 824 2613 mite
838 2557 971 2629 parentis

119 2700 124 2705 .
137 2646 299 2721 ingenium
313 2648 411 2705 verbis
424 2650 459 2705 ad
475 2646 595 2721 publica
608 2649 768 2706 commoda
779 2645 864 2703 verti.

135 2740 166 2796 N
169 2758 224 2797 unc
238 2731 380 2815 equidem
393 2738 497 2807 fateor,
512 2740 652 2813 lassoque
666 2738 803 2815 ignoscat
818 2738 950 2810 Atrides;
1066 2741 1074 2752 ‘

137 2830 299 2895 Difficilem
311 2830 396 2911 tenui
408 2834 461 2889 sub
474 2830 577 2904 iniquo
589 2829 694 2906 judice
707 2848 837 2888 causam.

137 2924 225 2982 Hunc
238 2934 340 2983 temen
352 2921 465 2986 utilitas
478 2920 591 2996 populi,
604 2919 773 2995 fratrisque,
786 2920 905 2994 datique
925 2929 927 2934 '

27 3054 31 3059 ·
138 3016 263 3076 Summa
274 3015 643 3091 moveteceptri31audem
656 3025 690 3083 ut
699 3030 770 3078 cum
781 3013 927 3089 sanguine
941 3026 1063 3090 penset..
1079 3051 1086 3063 ·

137 3108 242 3165 Mittor
255 3110 332 3167 etad
343 3098 567 3183 matremiquae
582 3124 642 3163 non
655 3106 807 3175 hortando,
820 3107 874 3164 sed
885 3118 952 3167 auu

137 3198 322 3274 Decipienda
333 3199 396 3265 luit.
416 3200 524 3271 Quasi
539 3196 736 3267 Telamonius
749 3198 833 3268 isset,

137 3292 217 3347 Orba
230 3292 292 3369 suis
303 3305 405 3352 essent
415 3292 582 3354 etiamnum
597 3290 690 3349 lintea
699 3277 806 3349 ventis.
844 3303 849 3320 ⁴

137 3380 243 3447 Mittor
256 3392 288 3441 et
301 3383 407 3443 Iliacas
419 3386 515 3441 audax
529 3396 628 3439 orator
639 3384 678 3444 ed
689 3400 787 3439 arcese

31 3522 39 3542 ,
135 3472 270 3547 Visaque
283 3487 314 3533 et
324 3473 432 3533 intrate
444 3488 490 3533 est
502 3478 574 3535 alte,
585 3474 661 3533 mihi
675 3472 756 3532 curia
770 3469 885 3547 Troiam

12 3610 13 3635 ,
129 3566 393 3642 ¹Plenaqueadlsuo
406 3566 532 3640 eratilla
544 3564 628 3648 viris,
647 3561 882 3639 Interritusegi,

689 3676 692 3680 ·
795 3651 822 3713 L
836 3656 853 3709 2
877 3704 881 3710 ,
