2450 4009
179 345 225 427 μ
491 340 785 433 msrnmonrn
1007 399 1009 402 ,
1031 388 1046 417 ,

175 486 272 560 Inque
283 482 367 543 brevi
381 484 485 559 spatio,
497 486 685 562 superorum
699 505 836 559 munere,
849 506 921 549 saxa
965 509 968 516 ·
1068 498 1087 533 '-

174 568 274 635 Missa
286 576 342 635 viri
355 576 493 637 manibus
503 578 611 637 faciem
625 591 744 638 traxere
758 580 892 650 virilem3

174 670 217 728 Et
229 671 265 727 de
279 668 419 727 soemineo
433 683 568 749 reparata
580 684 627 730 est
640 671 763 729 foemina
773 672 865 752 jactu.
889 684 893 691 “

173 764 248 821 Inde
260 780 358 838 genus
370 765 479 821 durum
494 782 609 831 sumus,
621 764 848 842 experiensque
856 758 1003 838 labourm3

175 856 216 914 Et
224 856 402 915 documenta
414 857 530 927 damus,
544 874 603 931 qua
613 856 709 915 simus
722 857 840 937 origine
853 860 924 919 nati.

408 1104 528 1174 Python
544 1103 681 1171 Serpens.
701 1121 773 1163 rau.
788 1120 866 1164 vni.
956 1155 958 1158 .

213 1226 356 1285 Causas
368 1223 495 1287 diversis
508 1225 599 1283 tellus
613 1223 754 1283 animalia
765 1224 871 1284 formis
937 1290 939 1296 ¹
1044 1303 1047 1307 ι

174 1320 287 1397 Sponte
300 1338 354 1377 sua
366 1318 491 1397 peperit,
511 1326 670 1393 postquam
683 1305 771 1377 vetus
785 1320 895 1377 humor
908 1321 945 1378 ab
956 1317 1029 1397 igne

173 1415 326 1473 Percaluit
338 1412 425 1482 Solis,
445 1428 639 1487 eoenumque,
653 1414 784 1486 udaeque
798 1413 920 1486 paludes

122 1534 126 1549 ·
173 1508 350 1566 Intumuere
363 1516 448 1575 aestm
469 1502 666 1579 roecundaque
681 1503 798 1562 semina
809 1521 912 1563 rerum

173 1598 283 1657 Vivaci
297 1598 409 1658 nutrita
421 1598 496 1666 solo,
507 1614 565 1657 ceu
579 1593 684 1655 matris
696 1595 729 1653 in
739 1598 817 1667 alvo,

173 1689 530 1775 creverunt,iaciemque
544 1688 675 1763 aliquam
687 1706 798 1763 cepere
811 1690 964 1749 morando.

71 1814 76 1819 ·
168 1779 236 1850 Sic,
248 1779 299 1839 ubi
309 1777 443 1837 deseruit
456 1777 591 1835 madidos
605 1779 803 1851 septemfluus
814 1798 905 1857 agros
993 1801 996 1805 ⁸
1061 1818 1067 1825 .

173 1874 273 1943 Nilus,
287 1870 448 1947 etantiqua
460 1888 515 1927 sua
531 1868 655 1931 flumina
663 1869 792 1929 reddidit
803 1873 897 1944 alveo,
966 1910 969 1913 ⁴
994 1925 998 1934 ,

174 1958 377 2039 AEthereoque
386 1980 494 2023 recens
507 1961 620 2022 exarsit
634 1963 732 2022 sidere
740 1963 851 2037 dimus,

173 2056 310 2118 Plurima
323 2042 454 2115 cultores
467 2056 563 2115 versis
575 2058 716 2117 animalia
728 2059 827 2135 glebis

173 2149 344 2219 inventum
365 2159 396 2207 et
405 2142 437 2207 in
447 2148 495 2207 his
509 2149 648 2223 quaedam
662 2152 751 2209 modo
763 2148 929 2226 ooepta'sub
941 2151 1043 2229 ipsum

173 2242 330 2303 Nascendi
343 2239 484 2317 spatiumz
504 2241 845 2318 quaedam‘imperfecta,
859 2245 985 2320 suisque

72 2348 76 2355 '
174 2326 298 2395 Trunca
308 2332 409 2396 vident
421 2332 569 2395 numerisz
590 2345 623 2392 et
634 2337 744 2393 eodem
756 2333 788 2394 in
802 2352 928 2410 corpore
941 2357 1022 2415 saepe

173 2429 283 2488 Altera
294 2446 362 2503 pars
375 2426 457 2498 vivit,
467 2424 610 2507 rudisest
619 2445 689 2503 pars
700 2428 793 2487 altera
805 2430 905 2489 tellus.
967 2503 971 2512 ,
1038 2488 1044 2498 ,

175 2522 297 2605 Quippe
311 2523 360 2580 ubi
372 2521 552 2596 temperiem
568 2539 704 2579 sumsere
716 2524 887 2597 humorque
900 2524 1050 2596 calorque,

89 2608 94 2629 '
174 2612 366 2688 Concipiunu
388 2626 418 2672 et
430 2614 467 2669 ab
480 2611 527 2669 his
539 2612 677 2694 oriuntur
687 2625 796 2690 crrnota
808 2616 934 2673 duobus.

174 2709 317 2781 Cumque
332 2705 370 2763 sit
382 2704 463 2781 iguis
474 2720 559 2778 aquas
573 2722 706 2781 pugnax,
727 2724 818 2782 vapor
831 2707 971 2767 humidus
978 2727 1088 2769 omnes

175 2802 240 2866 Res
253 2808 345 2868 creat,
358 2808 389 2855 et
399 2796 512 2857 discors
525 2796 684 2855 eoncordia
692 2797 813 2856 fretibus
824 2810 893 2874 apta
905 2810 960 2859 est.
975 2826 984 2831 ··

175 2893 262 2970 Ergo
274 2890 448 2951 ubidiluvio
461 2891 549 2950 tellus
563 2891 710 2949 lutulenta
721 2890 838 2949 recenti

177 2986 297 3045 Solibus
310 2984 464 3053 aethereis,
477 2985 596 3058 altoque
613 2982 766 3053 recanduit
780 2995 866 3055 aestu,

176 3075 279 3135 Edidit
291 3075 465 3133 innumeras
477 3075 606 3149 species:
628 3077 797 3148 partimque
810 3076 921 3150 figuras

176 3166 319 3229 Reddidit
327 3164 472 3241 antiquas,
484 3164 594 3241 partim
607 3184 685 3224 nova
697 3176 830 3223 monstra
843 3167 964 3230 creavit

177 3267 233 3323 liia
246 3260 371 3338 quidem
383 3258 487 3318 nollets
507 3260 558 3317 sed
570 3268 603 3315 te
615 3276 744 3335 quoque,
754 3258 889 3318 maxime
903 3260 1031 3337 Python,

177 3361 261 3417 Turn
277 3354 389 3435 genuitz
410 3350 698 3427 populisquenoris,
711 3351 862 3429 incognita
874 3370 1010 3428 serpena,

104 3457 114 3471 '‘
177 3434 292 3509 Terror
306 3466 382 3507 eras.
402 3446 535 3503 Tantum
549 3444 636 3519 spatii
647 3444 685 3501 de
699 3456 800 3503 monte
813 3445 943 3504 tenebas.

178 3545 269 3602 Hunc
284 3541 371 3599 Deus
379 3537 556 3615 arcitenens,
569 3548 599 3597 et
611 3556 765 3613 nunquam
777 3536 885 3597 talibus
894 3533 990 3593 ‘armis

162 3634 271 3708 iture,
281 3631 339 3691 nisi
347 3630 384 3693 in
396 3630 492 3691 damis
502 3629 679 3706 capreisque
692 3628 858 3707 mgactbus,
868 3643 952 3696 usus,
