2450 4009
451 307 533 381 ΜΒ.
547 310 571 369 1.
582 308 678 370 Fun.
688 308 732 369 11.

126 447 265 522 Quarum
278 470 348 529 quae
359 454 524 522 mediaest,
535 472 593 513 non
609 466 657 513 est
668 452 834 513 habitabitis
846 465 936 513 aestu:

124 540 192 599 Nix
205 543 283 620 tegit
293 548 351 605 alta
363 542 448 603 duest
464 546 590 607 totidem
603 546 684 605 inter
696 558 858 622 utramque
871 542 989 612 iccsvit3

125 632 386 715 Temperiemque
400 640 492 709 dedit,
500 632 595 699 'miste
610 660 683 699 cum
696 638 809 716 frigore
821 638 952 697 flemme.

123 723 272 787 Imminet
286 728 333 789 his
344 737 406 801 a'er,
418 732 480 807 qui,
493 746 606 807 quanto
619 746 668 791 est
680 732 813 807 pendere
825 744 917 791 teme

123 817 247 879 Pondus
259 841 348 911 aquae
360 824 466 895 levius,
480 837 561 885 tento
574 839 623 885 est
634 825 794 884 onerosior
803 822 880 902 igni

123 909 194 968 illic
207 926 239 971 et
249 916 386 987 nebulas,
397 916 461 976 ittic
475 918 640 979 consbtere
653 920 749 977 nubes

125 1002 231 1077 iussit,
243 1018 273 1065 et
285 1010 430 1069 humanus
444 1022 563 1069 motura
575 1011 706 1071 tonitrus
718 1021 850 1079 mentes,

123 1094 165 1153 Et
180 1115 253 1157 cum
266 1098 443 1163 fulminibus
455 1101 599 1161 facientes
612 1102 724 1179 frigora
736 1114 851 1161 ventos.

123 1187 183 1247 iiis
197 1208 319 1268 quoque
332 1212 390 1253 non
404 1194 518 1303 passim
531 1196 637 1255 mundi
650 1196 807 1255 fabricator
817 1193 985 1253 bsbendutn

122 1281 209 1341 Aere
222 1284 373 1359 permisit;
390 1287 439 1347 vix
451 1306 530 1349 nunc
545 1288 699 1349 obsistitur
710 1288 783 1359 illis,

123 1374 205 1435 Cum
218 1395 271 1437 sua
284 1380 413 1457 quisque
426 1395 534 1460 regent
547 1382 668 1443 diverso
677 1382 798 1443 flamina
808 1392 917 1451 tractu,

123 1466 206 1539 Quin
220 1470 333 1531 lanient
345 1477 506 1544 mundum
525 1478 619 1533 Tanta
631 1489 675 1534 est
687 1476 989 1546 discordiosum.-

39 1588 41 1594 ,
124 1559 227 1621 Eurus
240 1564 278 1621 ad
292 1567 441 1625 Auserem
456 1568 690 1642 Nebetbaeeque
702 1584 799 1643 regna
810 1564 947 1635 oeoenib

124 1652 320 1732 Persidaque,
333 1669 365 1717 et
376 1659 468 1717 radiis
480 1658 556 1739 juga
570 1658 690 1719 subdita
702 1656 865 1719 matutinis.

123 1744 257 1825 Vesper,
269 1762 301 1809 et
309 1749 434 1811 occiduo
447 1768 516 1829 quae
531 1751 632 1811 littore
643 1754 707 1811 sole
719 1761 887 1829 tepescunt,

121 1838 267 1901 Proxima
279 1856 348 1903 sunt
361 1846 515 1923 Zepbyms
531 1847 687 1923 Scythiam
698 1857 878 1922 septemque
890 1843 1023 1905 trionem

124 1932 265 1995 Hcrriier
275 1934 382 1997 invasit
396 1936 522 1997 Borease
537 1939 685 1998 contrarie
694 1940 785 1999 tellus

122 2024 262 2086 Nubibus
272 2028 408 2100 assiduis,
420 2030 583 2107 pluvioque
597 2029 744 2091 madescit
758 2032 795 2091 ab
808 2030 934 2090 Austro.

112 2116 201 2179 Jiaee
217 2138 309 2195 super
321 2121 466 2198 imposuit
479 2120 628 2201 liquidum
641 2135 674 2183 et
683 2122 829 2199 gravitas
840 2132 997 2182 carentem

123 2210 253 2285 AEtbera,
264 2230 321 2271 nec
335 2212 496 2289 quicquam
510 2226 642 2275 terreuae
652 2214 734 2275 fecis
746 2216 918 2275 habentem.

29 2310 38 2326 ⁰
123 2299 184 2361 Vix
197 2322 235 2363 ea
249 2304 394 2368 limitibus
406 2307 590 2384 dissepserat
604 2308 705 2369 omnia
717 2306 822 2375 sertim

122 2392 212 2464 Cum,
223 2416 292 2472 quae
303 2416 409 2474 presse
421 2400 472 2459 diu
485 2418 584 2459 massa
597 2403 713 2459 latuere
726 2398 782 2455 sub
792 2397 854 2459 itta.

123 2482 228 2547 Sidera
237 2504 396 2565 eoepetunt
408 2500 471 2551 toto
481 2492 684 2551 effervescere
697 2490 785 2548 coeto.

122 2576 191 2639 Neu
206 2579 293 2659 regio
304 2583 381 2641 soret
394 2584 455 2641 uile
465 2583 530 2641 suis
542 2580 746 2643 animantibus
756 2583 839 2651 orbe,

122 2670 214 2734 Astra
226 2683 329 2734 tenent
343 2678 467 2736 coeleste
480 2678 588 2746 solum,
602 2676 766 2752 formaque
780 2676 934 2756 Deeratne¹

121 2760 286 2825 Cesserunt
297 2765 400 2826 nitidis
413 2767 580 2827 habitandae
594 2769 727 2843 piscibus
739 2768 840 2825 undaer

87 2850 89 2855 ’
121 2852 218 2915 Ten-a
229 2857 307 2916 ieras
316 2859 409 2935 cepit,
421 2864 560 2919 volucres
572 2858 722 2935 agitabilis
731 2864 792 2916 a'e'r

122 2946 259 3009 Sanctius
271 2950 320 3009 his
333 2950 454 3020 mimal,
467 2951 638 3025 mentisque
652 2949 791 3025 capacius
804 2950 903 3020 altae,

122 3037 234 3101 Deerat
248 3044 357 3112 adhuc,
370 3056 401 3102 et
413 3045 492 3119 quod
507 3042 678 3103 dominari
669 3060 700 3102 tn
714 3053 826 3101 caetem
838 3056 949 3124 posset.¹

122 3131 218 3193 Natus
232 3119 322 3194 homo
335 3150 393 3195 este
407 3137 469 3197 sive
479 3139 559 3197 hunc
570 3136 671 3195 divino
684 3135 800 3197 semim
813 3135 886 3194 iecit

122 3224 175 3283 tlte
189 3227 292 3304 opifex
305 3247 417 3299 return,
432 3231 539 3289 mundi
551 3229 688 3289 melioris
700 3230 797 3305 01ng

124 3316 189 3380 Sive
204 3338 312 3379 recens
328 3324 426 3389 tellus,
434 3324 621 3399 seductaque
634 3341 733 3399 nuper
746 3323 782 3379 ab
792 3323 852 3378 alto

124 3410 250 3480 AEthere,
263 3416 380 3487 cognati
392 3413 538 3475 retinebat
550 3414 671 3477 semina
680 3413 763 3480 coe1i3

124 3500 220 3573 Quam
235 3506 440 3583 satueiapetc,
453 3504 574 3567 mistam
588 3505 756 3565 fluvialibus
765 3501 862 3579 undis,
