2450 4009
452 306 535 370 ΠΒ.
546 304 606 367 111.
618 305 710 367 FAB.
724 308 765 368 X.

137 452 333 525 Promisistis,
345 452 395 513 ate
416 470 474 511 non
489 453 555 513 hoec
567 452 644 512 mihi
655 467 736 511 terra
747 461 852 529 rogata
860 463 919 513 ert.

137 547 208 619 Quo
222 544 324 610 merui
337 564 455 621 poenam
469 544 559 603 lsctoi
580 564 649 621 quae
664 546 761 620 glorie
773 557 873 606 vestra
884 556 942 617 est,

139 642 171 699 Si
186 658 318 715 puerum
326 638 462 715 juvenes,
475 637 500 695 si
514 636 601 697 multi
617 638 718 695 fallitis
729 636 834 698 unum?

139 732 322 797 Iamdudum
335 731 455 791 flebam:
476 733 626 805 lacrymas
635 749 744 790 manus
756 729 849 804 impia
859 741 975 791 nostes

140 826 243 884 Ridet:
266 836 297 882 et
308 822 437 897 impellit
448 822 676 928 properantibus
689 840 812 898 aeqnora
821 824 925 883 remia.

139 918 203 975 Per
215 916 267 974 tibi
279 932 357 973 nunc
366 915 470 990 ipsum
485 913 555 989 (nec
568 915 649 973 enirn
659 916 841 991 praesentior
852 914 906 977 illo

141 1010 200 1069 Est
213 1010 312 1087 Deus)
327 1007 443 1113 adjuro,
456 1020 519 1067 tam
536 1026 585 1067 me
599 1008 652 1067 tibi
666 1026 737 1066 vera
747 1008 876 1113 referre,

140 1102 240 1175 Quam
252 1102 314 1161 veri
327 1100 443 1179 majora
456 1100 524 1161 fide
545 1101 635 1159 Stetit
647 1072 884 1178 aquonpuppn

140 1195 232 1255 Haud
248 1196 343 1263 aliter,
356 1212 446 1270 quarn
460 1195 485 1253 si
499 1194 617 1251 siccum
632 1195 736 1253 navale
748 1204 877 1265 teneret,

141 1288 192 1346 Illi
206 1287 388 1345 admirantes
401 1304 555 1353 remorum
569 1286 600 1345 in
616 1289 742 1346 verbere
754 1298 900 1363 perstantt

141 1380 279 1456 velaque
291 1380 455 1449 deducuut;
476 1380 658 1455 geminaque
668 1397 728 1453 ope
739 1398 865 1439 currere
878 1386 1002 1443 tentant

141 1472 317 1547 Impediunt
331 1474 451 1532 hederae
463 1488 575 1540 remos,
588 1473 730 1546 nexuque
744 1490 874 1532 recumo

142 1565 285 1639 Serpunn
306 1578 338 1619 et
350 1563 480 1638 gravidis
489 1563 673 1637 distringunt
681 1566 748 1621 vela
758 1562 917 1635 corymbis.

142 1659 222 1733 Ipse,
236 1652 570 1713 racemiferis-frontem
584 1650 777 1711 circundatus
789 1652 869 1723 uvis,

141 1745 315 1825 Pampineis
329 1748 420 1823 agitat
433 1748 559 1811 velatam
573 1743 728 1806 frondibus
737 1747 865 1806 basum.

141 1845 243 1917 Quem
257 1842 336 1898 circa
346 1839 449 1916 tigres,
462 1835 684 1913 simulacraque
696 1836 794 1896 inania
806 1839 939 1911 lyncum,

141 1934 356 2009 Pictammque
368 1928 468 2008 jacent
480 1928 543 1987 fere
556 1947 681 2004 corporo
693 1931 916 2003 pantherarum.
990 1983 994 1992 ,

142 2023 303 2084 Exsiluere
318 2020 383 2091 viri;
404 2024 466 2080 eive
480 2024 536 2081 boc
548 2020 661 2080 insania
674 2021 754 2087 fecit,

141 2118 214 2177 Sive
228 2118 326 2175 timor:
347 2116 524 2191 primusque
538 2114 655 2173 Medon
667 2114 843 2188 nigrescere
857 2116 955 2191 pinnis

138 2198 277 2285 'Corpore
291 2202 445 2284 depresso,
459 2220 490 2267 et
504 2206 597 2280 spinae
612 2209 787 2269 curvamina
796 2207 879 2267 flecti

15 2289 19 2314 ⁸
141 2301 262 2376 Incipit.
282 2301 363 2361 Huic
376 2301 519 2374 Lycabas,
534 2300 568 2357 In
582 2316 651 2374 quae
663 2297 818 2367 miracula,
831 2298 916 2372 dixit,

142 2391 293 2453 Verteris?
313 2404 344 2449 et
353 2390 402 2449 lati
415 2389 517 2457 rictus,
528 2400 559 2447 et
570 2391 667 2462 panda
677 2387 810 2465 loquenti

142 2486 234 2545 Naris
246 2494 320 2550 erat,
332 2498 548 2558 squamamque
563 2478 642 2537 eutis
653 2483 758 2539 durata
767 2482 911 2541 trahebat.

134 2577 189 2636 tAt
202 2576 302 2652 Libys,
314 2576 465 2633 obstantes
477 2576 551 2635 dum
564 2576 630 2632 vult
641 2574 800 2633 obvertere
813 2592 925 2649 rernm,

143 2670 179 2729 ln
192 2667 320 2744 spatium
333 2667 447 2727 resilire
460 2685 569 2727 manus
581 2667 674 2723 breve
688 2664 771 2737 vidie
790 2679 820 2725 et
832 2666 900 2727 illas

142 2758 213 2822 Jam
223 2779 282 2819 non
293 2780 361 2821 esse
374 2778 491 2829 manum
509 2759 573 2837 jam
587 2758 693 2834 pinnas
705 2776 794 2835 posse
807 2758 917 2822 vocari.

144 2854 234 2912 Alter
247 2849 283 2910 ad
296 2854 421 2913 intortos
430 2853 556 2927 cupiens
567 2851 638 2909 dare
650 2850 770 2911 brachia
779 2850 878 2917 brues

144 2944 272 3005 Brachia
284 2963 342 3003 non
357 2945 468 3011 habuit3
489 2956 654 3016 truncoque
667 2942 818 3014 repandus
826 2939 860 2998 in
871 2940 964 3010 undas

145 3038 279 3113 Corpore
293 3034 428 3095 desiluitt
449 3033 554 3098 falcata
568 3029 731 3090 novissima
743 3032 836 3089 cauda
848 3044 905 3104 est,

145 3130 251 3201 Qualia
264 3127 390 3187 dividuae
410 3124 567 3185 sinuantur
580 3140 691 3182 cornua
702 3123 808 3183 Luuae.

144 3220 288 3297 Undique
300 3220 372 3289 dam
382 3221 483 3277 saltus:
505 3220 659 3294 multaque
671 3216 831 3293 aspergine
845 3229 956 3277 rorante

145 3312 375 3387 Emerguntque
390 3307 511 3369 iterum:
532 3310 719 3384 redeuntque
733 3309 787 3365 sub
800 3326 924 3385 aequora
933 3322 1049 3383 rursuyt

146 3405 242 3481 Inque
252 3404 336 3461 chori
350 3405 456 3462 ludunt
469 3402 616 3479 speciem:
636 3402 805 3477 lascivaque
816 3401 928 3476 jactant

146 3496 290 3572 Corpora:
312 3508 345 3555 et
357 3506 514 3569 acceptum
525 3494 634 3571 patulis
647 3511 730 3552 mare
743 3494 864 3550 naribus
876 3493 984 3554 efflant

130 3590 135 3597 '
147 3584 196 3649 De
206 3582 415 3667 modo'viginti
427 3586 486 3666 (tot
497 3586 579 3661 enim
593 3584 667 3645 ratis
678 3584 731 3648 illa
741 3583 867 3661 ferebat)
