2450 4009
10 3666 14 3764 i

150 285 200 351 40
463 275 757 340 METAMORPH.

153 422 268 481 Moenia
280 425 361 481 mota
371 421 475 484 forent.
496 422 626 498 Serpens
640 424 703 483 sine
715 424 836 486 vulnere
847 401 975 495 medie„

151 516 325 591 Loricaeque
338 518 426 575 modo
439 516 571 591 squamis
579 511 728 599 defensus,
738 529 768 576 et
781 528 853 576 atrae

152 608 268 669 Duritia
280 608 375 684 pellis,
387 609 577 670 validoscute
591 611 722 685 reppulit
733 598 820 695 ictus.

152 703 195 760 At
208 720 265 760 non
281 692 386 761 duritia
395 692 530 779 jaculum
540 697 661 779 'quoque
674 701 764 761 rineit
777 703 897 771 esdemr
981 691 985 696 ’

152 794 240 867 Quod
254 795 351 853 medio
361 796 450 855 ‘ientae
467 794 562 855 fixum
576 794 748 857 curvamine
761 796 855 871 sptnae
932 865 934 868 v

152 886 302 956 Constitit;
316 897 352 946 et
361 899 422 946 toto
434 888 626 947 descenditin
640 887 690 946 iiia
702 888 789 945 ferro.

153 980 219 1047 Ille,
231 980 328 1049 dolore
341 979 435 1049 ferox,
447 988 534 1054 ceput
546 978 577 1037 in
592 997 646 1038 sua
656 990 741 1058 terge
753 978 882 1050 retorsite

153 1072 346 1147 Vulneraque
360 1070 503 1146 adspexit,
516 1070 674 1145 fixumque
687 1070 793 1142 hastile
803 1072 972 1137 momordit.
1061 1068 1083 1090 ⁹

152 1165 257 1239 quue,
268 1163 320 1229 ubi
332 1162 361 1221 ri
372 1166 468 1223 muita
479 1176 595 1239 purtem
607 1164 742 1225 labefecit
752 1167 783 1224 in
794 1176 929 1237 omnem3
995 1152 999 1162 ’

152 1256 218 1315 Vix
231 1268 315 1335 tergo
329 1248 443 1333 eripuit.
466 1259 592 1319 Ferrum
605 1268 705 1318 tamen
717 1260 833 1321 ossibus
843 1262 947 1320 haeret.

154 1350 238 1409 Tum
252 1366 332 1419 vero,
342 1363 507 1426 postquam
515 1352 617 1413 solitus·
625 1351 749 1411 accessit
759 1354 797 1414 ad
809 1352 870 1411 iras

153 1444 246 1520 Plaga
258 1460 371 1513 recens,
384 1440 478 1518 plenis
490 1456 667 1519 tumuerunt
678 1456 798 1521 guttura
809 1443 903 1504 renisa
988 1486 991 1492 ·

87 1535 99 1603 J
117 1526 127 1530 ”
156 1536 327 1611 Spumaque
339 1535 494 1611 pestiferos
506 1537 686 1597 circumfluit
701 1537 796 1597 albida
807 1536 909 1597 rictuse

102 1684 105 1689 .
155 1629 308 1703 Terraque
322 1648 388 1689 rasa
401 1630 640 1705 sonatsqusmisr
660 1630 771 1705 quique
786 1630 895 1696 haiitus
907 1628 969 1689 exit
1021 1674 1026 1680 «

156 1723 219 1780 Ore
233 1722 319 1797 niger
332 1720 437 1796 Stygio
450 1722 562 1779 vitiatas
575 1721 668 1781 inficit
683 1740 779 1779 auras.
806 1766 813 1775 .

157 1813 225 1891 Ipse
238 1814 329 1889 modo
337 1812 520 1872 immensum
534 1812 622 1887 spiris
634 1812 807 1873 facientibus
818 1817 922 1897 orirern

157 1905 307 1982 Cingitur:
329 1906 477 1965 interdum
489 1907 575 1983 longa
588 1909 669 1966 trabe
681 1908 789 1967 rectior
800 1905 871 1968 exit.

152 2000 274 2073 impete
287 2017 365 2058 nunc
377 1997 468 2068 resto,
481 2019 538 2059 ceu
552 2001 686 2060 concitus
700 2001 844 2063 imbribus
856 2000 963 2073 munis,

103 2124 105 2132 ,
157 2091 276 2160 Fertur;
296 2100 326 2149 et
338 2092 484 2153 obstantes
497 2096 649 2165 proturbet
660 2105 781 2167 pectore
795 2094 893 2172 silves.

158 2181 245 2241 Cedit
258 2182 443 2259 Agenorides
456 2185 601 2257 paullum:
623 2186 777 2261 spolioque
791 2186 885 2245 leonis

159 2278 291 2335 Sustinet
303 2278 450 2346 incursus,
461 2277 654 2353 instantiaque
667 2279 858 2339 ora'rotnrriet

160 2370 289 2445 Cuspide
303 2372 455 2444 praetenta
475 2370 558 2431 Furit
570 2370 633 2441 ide·
644 2372 781 2432 etinaffia
791 2374 869 2432 dure

160 2466 295 2524 Vulnera
305 2465 354 2522 dat
365 2464 451 2522 ferro:
471 2462 597 2539 figitque
609 2464 639 2522 in
652 2462 786 2523 acumine
794 2458 910 2519 dentes.

51 2627 54 2633 ,
161 2560 289 2633 Jamque
302 2542 468 2615 venenifero
481 2558 601 2631 sanguis
615 2557 733 2613 ieiunare
747 2553 844 2628 palato
906 2576 909 2580 ¹

162 2653 306 2726 Coeperst3
328 2661 358 2707 et
371 2647 478 2706 virides
490 2650 645 2725 aspergine
658 2647 785 2705 tinxerat
797 2648 915 2704 heraeas

163 2746 222 2803 Sed
233 2746 296 2802 leve
309 2744 415 2801 vulnus
428 2739 512 2799 eratr'
523 2742 592 2816 quia
605 2761 637 2800 se
650 2742 814 2799 retrahebat
827 2741 863 2797 ab
873 2737 947 2806 ietu3

163 2840 311 2913 Laesaque
324 2840 398 2895 coila
410 2837 494 2894 dabit
506 2848 595 2904 retro;
617 2837 794 2911 plagamque
808 2834 911 2894 sedere
970 2825 972 2830 ’

164 2932 304 2989 Cedendo
316 2934 442 2998 arcebat,
454 2948 509 2988 nec
522 2930 640 3007 longius
654 2930 696 2987 ire
709 2926 831 2985 sinebat.

106 3039 119 3051 “
150 3025 153 3027 ’
164 3023 269 3081 Donec
280 3024 463 3099 Agenorides
475 3022 644 3099 conjectum
657 3022 686 3078 in
701 3031 819 3096 gutture
829 3018 942 3077 ferrum

165 3116 273 3190 Usque
285 3130 411 3188 sequens
424 3111 542 3187 pressit:
563 3114 636 3171 durn
650 3123 730 3169 retro
739 3126 869 3185 quercus
881 3109 962 3169 eunti

165 3206 298 3276 Obstitit;
321 3219 351 3265 et
362 3205 421 3264 fixa
434 3216 479 3263 est
492 3204 600 3279 pariter
609 3207 791 3263 cum-robore
805 3202 918 3266 cervix,

166 3304 298 3361 Pondere
314 3300 455 3377 serpentis
469 3308 587 3357 curvate
600 3311 645 3357 est
656 3300 749 3368 arbor,
761 3308 791 3358 et
803 3298 871 3356 irrue

166 3398 254 3455 Parte
266 3394 411 3471 flagellari
423 3391 538 3471 gemuit
552 3412 604 3451 sua
617 3393 720 3449 roiiora
733 3393 846 3451 esudae.

132 3478 136 3482 ”
168 3488 252 3551 Dum
267 3486 394 3562 spatium
408 3484 500 3544 victor
512 3484 579 3543 rieti
594 3482 877 3550 considerationum
926 3470 929 3473 ⁴

163 3580 239 3637 ‘Vox
249 3580 344 3639 subito
357 3580 454 3640 audita
466 3588 522 3638 est:
538 3578 650 3655 (neque
659 3585 722 3637 erat
733 3586 911 3655 cognoscere
923 3573 1094 3649 promptarii

867 3686 871 3691 ’
1017 3690 1022 3734 r
