2450 4009
38 342 40 352 =
74 278 78 283 ’
161 322 230 389 lut
473 316 764 401 Marnuonrn.
847 297 853 307 “

155 465 186 521 N
188 448 225 521 on
238 463 313 521 foret
326 460 487 543 ambiguus
500 462 574 521 tanti
586 463 758 538 certaminis
771 466 876 522 hares:
952 480 955 486 ·
976 500 982 511 ·

157 556 267 630 Tuque
281 554 452 637 tuisarmis,
465 574 520 613 nos
534 568 564 615 te
575 568 757 631 poteremur,
771 557 901 617 Achille.

156 648 259 718 Quem
273 648 413 723 quoniam
425 667 483 706 non
498 666 583 725 aequa
597 649 674 707 mihi
682 652 823 726 nobisque
837 652 987 726 negarunt

154 739 238 807 Fatue
255 740 419 817 (manuque
434 742 524 801 simul
539 741 631 799 veluti
645 743 836 817 lacrymantia
848 744 936 802 tersit

154 830 297 908 Lumina)
308 832 376 909 quis
389 852 499 908 magno
510 835 622 891 melius
635 838 776 893 succedat
788 835 913 904 Achilli;
927 855 930 867 ¹
947 853 951 856 ’
1043 861 1046 868 ’

77 978 78 983 ,
155 924 255 995 Quam
269 942 426 999 perquem
439 927 692 999 magnustuamis
703 927 852 985 successit
862 926 1013 985 Achilles?
1061 934 1081 939 ”

154 1016 235 1073 Huic
247 1020 336 1073 modo
348 1034 384 1073 ne
397 1018 498 1099 prosit,
511 1020 600 1093 quod,
609 1030 646 1076 ut
658 1018 823 1088 estshebes
835 1038 904 1078 esse
915 1022 1046 1092 videtum

154 1108 242 1165 Neve
257 1106 331 1170 mihi
346 1120 458 1185 noceat,
472 1112 550 1184 quod
566 1110 793 1186 vobisaemper,
807 1112 929 1180 Achivi,
1042 1107 1050 1127 ”
1116 1179 1118 1186 ,

154 1198 269 1259 Proluit
282 1200 450 1277 ingenium:
466 1192 594 1277 meaque
610 1204 677 1261 haec
691 1204 838 1274 facundia,
850 1205 878 1261 si
888 1215 1016 1280 quaest,
1058 1223 1061 1227 ⁴
1085 1203 1095 1217 ’

153 1291 231 1363 Quae'
247 1311 327 1351 nunc
341 1312 396 1369 pro
409 1293 540 1363 domino,
555 1312 609 1369 pro
624 1295 707 1354 vobis
719 1314 803 1372 saepc
818 1287 992 1368 locutaest,

154 1384 391 1444 Invidiacareatr
406 1388 482 1445 bona
494 1404 550 1445 nec
565 1406 621 1445 sua
633 1389 764 1463 quisque
780 1401 910 1449 recuset.
1071 1389 1076 1395 ⁴

153 1479 233 1536 Nam
245 1496 351 1551 genua,
365 1492 393 1534 ct
402 1480 539 1549 proavos,
553 1492 581 1536 et
597 1499 658 1551 quc
669 1483 940 1550 confertstatim,
962 1512 965 1517 ·

144 1566 216 1627 'Vix
229 1592 260 1627 ra
273 1584 374 1627 nostra
386 1590 466 1629 voco.
488 1574 548 1631 Sed
563 1571 657 1641 enim,
670 1573 741 1647 quia
755 1573 871 1632 rettulit
885 1571 966 1650 Ajax

154 1664 232 1723 Esse
246 1665 263 1721 J
265 1662 329 1721 ovi
342 1680 502 1738 pronepos,
517 1664 610 1722 nostri
625 1682 745 1740 qnoque
761 1665 916 1741 sanguinis
929 1675 1032 1725 auctor
1091 1702 1095 1707 ‚

153 1755 273 1829 Jupiter
286 1768 344 1823 est3
358 1754 542 1831 totidemque
559 1758 669 1830 gradus
683 1756 829 1813 distamus
843 1760 880 1813 ab
892 1756 969 1819 illo„
995 1774 999 1779 ’
1042 1831 1049 1839 ι

154 1846 235 1906 Nam
249 1847 326 1907 mihi
341 1842 465 1919 Laertes
478 1860 564 1921 pater
576 1859 634 1917 est,
648 1847 797 1904 Arcesius
809 1846 865 1911 illi,

153 1938 273 2015 Jupiter
287 1938 367 1997 huic:
383 1942 481 2015 neque
494 1940 524 1997 in
539 1940 586 1997 his
599 1940 759 2015 quisquam
770 1942 977 2009 damnatus‘et
987 1940 1084 2000 exsul.

155 2032 211 2089 Est
222 2050 341 2107 quoque
356 2049 413 2104 per
425 2046 553 2089 matrem
568 2035 725 2107 Cyllenius
738 2032 838 2090 addita
850 2033 935 2091 nohis
957 2102 963 2106 ,
1013 2054 1021 2072 ’

135 2174 137 2181 ,
152 2123 262 2181 Altera
276 2121 420 2179 nobilitas
441 2122 528 2185 Deus
540 2133 585 2179 est
599 2122 631 2178 in
647 2138 774 2198 utroque
788 2138 924 2198 parente.-

155 2216 216 2273 Sed
230 2200 328 2289 neque
342 2226 477 2271 materno
490 2216 569 2287 quod
586 2232 653 2271 sum
669 2216 850 2290 generosior
862 2229 939 2285 ortu,

155 2308 222 2367 Nec
238 2306 313 2365 mihi
326 2308 405 2381 quod
417 2319 505 2379 pater
516 2312 566 2365 est'
574 2306 698 2365 fraterni
708 2306 864 2383 sanguinis
876 2308 988 2380 insons,

154 2394 310 2474 Proposita
321 2416 404 2457 arma
417 2412 499 2475 peto:
516 2398 635 2457 meritis
648 2400 809 2475 expendite
823 2418 956 2460 causam.

155 2494 340 2561 Dummodo,
355 2492 554 2567 quodlratres
569 2493 726 2561 Telamon,
742 2494 911 2566 Peleusque
925 2491 1056 2563 fuerunt,
1080 2514 1084 2521 ’

135 2586 259 2662 Ἀᾖεοίε
268 2584 417 2641 'meritum
427 2588 485 2641 non
500 2584 549 2641 sit:
564 2602 621 2642 nec
633 2585 786 2659 sanguinis
801 2587 885 2649 ordo,
1096 2593 1098 2600 ’

132 2743 134 2745 ,
156 2678 216 2736 Sed
231 2676 347 2734 virtutis
361 2679 464 2741 honos,
478 2675 586 2749 spoliis·
597 2688 752 2750 quaeratur
764 2674 793 2731 in
807 2675 883 2733 istis.

155 2773 220 2829 Aut
234 2772 258 2827 si
272 2767 447 2843 proximitas
461 2765 640 2841 primusque
653 2767 822 2842 requiritur
836 2769 948 2834 haeres3
993 2786 996 2789 ’

157 2864 214 2924 Est
229 2861 346 2940 genitor
359 2864 478 2929 Peleus,
492 2874 536 2919 est
551 2862 684 2936 Pyrrhus
698 2860 778 2918 filius
789 2858 844 2916 illi.

4 3000 9 3023 ,ι
88 2946 91 2952 “
156 2957 235 3029 Quis
251 2960 334 3013 locus
351 2954 449 3034 Ajaci?
465 2954 604 3011 Phthiam
620 2951 936 3028 Scyronveferantur..

156 3049 225 3106 Nec
238 3048 339 3103 minus
352 3058 398 3101 est
409 3046 467 3103 isto
480 3046 603 3103 Teucer
617 3046 762 3119 patruelis
777 3043 900 3101 Achilli:

93 3184 94 3187 η
155 3142 240 3199 Num
255 3135 331 3211 petit
345 3134 517 3201 inermen,
531 3148 604 3193 num
620 3145 777 3207 speran‘ut
790 3134 907 3191 auferat
918 3133 1014 3191 arma?

156 3233 242 3305 Ergo
253 3246 379 3303 operum
392 3226 534 3301 quoniam
548 3226 662 3287 nudum
673 3239 826 3283 certamen
841 3230 974 3294 hahetur,

156 3324 247 3383 Plura
261 3320 382 3395 quidem
397 3318 465 3387 feci,
479 3314 650 3393 quam'quae
659 3320 875 3391 comprendere
886 3316 976 3374 dictis

4 3400 5 3403 Ἴ
73 3424 75 3429 ’
158 3415 194 3472 In
208 3425 329 3485 promtu
342 3410 416 3467 mihi
430 3410 477 3465 sit.
500 3410 616 3465 Rerum
629 3422 729 3466 tamen
745 3410 848 3466 ordine
860 3403 963 3465 ducar.
1060 3449 1063 3452 -

157 3504 288 3562 Praescia
302 3502 418 3566 venturi
433 3500 572 3575 genetrix
588 3502 701 3557 Nereia
714 3502 768 3558 leti
854 3523 862 3533 ,

4 3560 5 3593 ἢ
94 3598 105 3608 “
158 3592 338 3650 Dissimulet
347 3595 436 3651 cultu
450 3602 576 3650 natum..
587 3592 760 3684 Deceperat
771 3605 889 3660 ornnes,
