2450 4009
385 384 464 445 cru.
479 382 520 441 v.
540 384 632 447 ran.
646 384 785 443 m-ru
997 388 1044 455 33

115 534 176 591 Sed
190 542 291 591 tamam
307 548 340 587 os
354 528 504 598 timidum,
518 534 678 607 vultusque
687 529 719 586 in
730 546 882 588 marmore
895 530 1037 603 supplex,
1108 602 1115 613 ἱ

115 623 344 700 Submissaequc
357 640 474 693 manus,
488 624 641 700 faciesque
652 623 780 681 obnoxia
791 622 911 683 mansit.

364 892 484 945 Pramo
496 891 525 943 in
542 890 665 943 Saxum
685 906 758 945 ran.
774 908 810 945 ιι.

156 1009 290 1068 Vrcrott
306 1012 487 1069 Abantiades
501 1011 611 1085 patrios
626 1030 697 1068 cum
707 1010 838 1090 conjuge
852 1024 957 1068 muros

118 1104 221 1161 Intrat:
236 1115 265 1161 et
279 1102 442 1163 immeritae
458 1104 566 1161 vindex
580 1106 720 1178 ultorque
736 1103 868 1177 parentis

119 1195 308 1272 Aggreditur
322 1198 466 1253 Proetum.
487 1198 579 1263 Nam,
589 1195 680 1254 lintre
696 1214 751 1271 per
764 1214 846 1253 arma
858 1196 971 1272 fugato,

121 1287 312 1347 Acrisioneas
326 1289 442 1348 Proetus
457 1291 631 1364 possederat
641 1305 737 1371 arces.

122 1381 181 1439 Sed
193 1400 250 1438 nec
264 1399 321 1456 ope
334 1399 495 1448 armorum,
508 1400 573 1448 nec,
587 1400 679 1455 quam
694 1382 773 1439 male
788 1394 919 1456 ceperat,
932 1398 1001 1444 arce

123 1474 221 1533 Torva
233 1474 404 1533 colubriferi
420 1476 571 1551 superavit
586 1475 701 1533 lumina
710 1473 848 1532 monstri.
861 1528 865 1538 ,

1081 1099 1083 1106 γ
1134 1066 1143 1093 t

317 1722 488 1793 Polydecten
500 1724 532 1776 in
543 1710 696 1790 Lapidem
716 1738 788 1779 ran.
801 1741 853 1783 111.

162 1842 211 1900 Ta
225 1855 337 1912 tamen,
352 1846 380 1903 O
391 1860 492 1919 parvae
506 1856 615 1914 rector,
629 1846 798 1919 Polydecta‚
812 1827 943 1920 Seriphi,

125 1934 190 1992 Nec
202 1935 322 2014 juvenis
336 1936 431 1994 virtus
447 1954 501 2009 per
514 1948 556 1993 tot
572 1950 706 2011 spectata
719 1940 845 2005 labores,

127 2028 191 2086 Nec
203 2031 280 2087 mala
294 2028 475 2087 mollier-ant:
491 2030 544 2085 sed
557 2028 741 2086 inexorabile
756 2030 849 2086 durus

115 2120 260 2185 ,Exerces
273 2120 386 2179 odium:
401 2140 458 2178 noc
472 2119 574 2197 iniqua
585 2122 653 2179 linis
666 2123 696 2178 in
710 2123 755 2179 ira
767 2133 822 2181 est.

121 2202 280 2293 Detrectas
294 2215 385 2273 etiam
398 2216 511 2273 laudes:
525 2215 687 2289 fictamque
702 2216 842 2283 Medusae

125 2308 240 2385 Arguis
255 2328 321 2366 esse
334 2327 451 2365 necem.
472 2308 621 2366 Dabimus
636 2309 687 2365 tihi
700 2310 826 2384 pignora
836 2310 911 2376 veri5

125 2401 239 2463 Parcite
249 2401 425 2467 luminibus,
443 2402 573 2458 Perseus
585 2402 634 2457 ait:
648 2418 759 2475 oraque
777 2399 858 2473 regis

127 2494 188 2555 Ore
201 2494 361 2553 Medusaeo
375 2488 492 2551 silicem
507 2493 569 2549 sine
585 2491 729 2568 sanguine
742 2492 824 2551 fecit.
909 2504 912 2510 '

87 2762 93 2771 ’
190 2744 326 2811 Muaae'z'n
341 2756 429 2823 Aves,
443 2766 470 2811 et
484 2759 615 2829 Pyrenei
626 2760 835 2827 Precilritium.
855 2776 927 2821 aaa.
942 2778 986 2817 rr.

106 2930 126 2955 .,
166 2874 348 2936 Hacrnuus
361 2876 515 2952 aurigenae
529 2876 674 2933 comitem
688 2876 824 2933 Tritonia
837 2876 920 2931 fratri

127 2968 167 3025 Se
181 2967 273 3026 dedit.
296 2968 370 3025 lnde
385 2986 455 3024 cava
469 2965 652 3023 circumdata
666 2969 743 3023 nube
759 2966 907 3040 Seriphon

94 3104 99 3119 .
126 3056 259 3128 Deserit;
273 3080 291 3117 a
303 3062 410 3118 dextra
422 3062 538 3135 Cythno
552 3059 715 3135 Gyamqtte
728 3060 850 3118 relictis,

126 3151 254 3227 Quaque
266 3170 358 3226 super
367 3168 492 3229 pontum
508 3152 556 3211 via
569 3152 632 3209 visa
642 3150 830 3224 brevissima,
845 3156 978 3223 Thebas,

126 3242 372 3319 Virgineumque
387 3238 536 3305 Helicona
548 3245 634 3321 petit:
650 3265 710 3322 quo
722 3259 823 3306 monte
836 3247 931 3324 potita

125 3335 283 3404 Constitit;¹
295 3349 324 3421 et
338 3338 439 3395 doctas
455 3336 498 3395 sic
513 3350 559 3395 est
572 3338 659 3395 affata
672 3356 799 3408 sorores3

125 3428 221 3489 Fama
232 3432 301 3499 novi
315 3422 405 3491 sontis
418 3444 532 3491 nostras
546 3435 681 3508 peruenit
695 3438 731 3493 ad
741 3454 830 3493 aures

126 3522 213 3583 Dura
227 3526 377 3607 Medusaei
392 3546 484 3603 quem
498 3528 642 3603 praepetis
656 3532 770 3604 ungula
787 3528 876 3603 rupit.

126 3616 158 3675 Ia
173 3617 251 3676 mihi
265 3638 354 3678 causa
367 3619 433 3680 viae.
458 3618 552 3677 Volui
566 3619 702 3677 mirabile
718 3633 887 3680 monstrum
910 3625 915 3633 '

124 3712 274 3769 Cernere:
289 3713 350 3771 vidi
361 3714 464 3791 ipsum
475 3724 611 3773 materno
625 3712 771 3791 sanguine
782 3714 873 3773 nasci.
956 3748 961 3755 ι
