2450 4009
163 305 233 381 10‘
461 257 769 372 'usrsmomu
801 347 804 352 ψ

158 452 299 529 Concipit
313 452 487 529 Irisaquas,
500 456 702 531 alimentaque
714 454 843 515 nubibus
853 456 951 517 affert.
1021 430 1029 452 ⁸

42 606 45 615 ,
158 546 340 617 Sternuntur
354 556 486 625 segetes,
497 558 528 606 et
541 549 694 624 deplorata
707 548 804 606 coloni

69 678 72 681 -
145 636 236 697 'Vota
247 626 357 717 jacent,
378 630 521 717 longique
533 640 612 717 perit
626 644 707 699 labor
719 640 823 698 irritus
838 639 919 723 anni.
975 647 978 652 “

156 733 225 792 Nec
239 736 317 793 coelo
331 745 469 794 contenta
483 752 538 792 suo
551 732 633 791 lovis
646 732 702 801 ira;
723 732 777 790 sed
790 731 881 789 illum

156 820 313 886 Caeruleus
326 826 418 885 frater
429 826 514 904 jurat
525 824 721 885 auxiliaribus
735 822 836 889 undis.

121 980 124 983 ,
156 916 372 987 Convocallric
386 936 502 977 sinuesr
523 918 577 993 qui
590 931 748 993 postquam
762 929 841 975 tecta
853 915 969 995 tyranni
986 981 989 986 ¹

155 1010 310 1069 Intravere
323 1010 378 1071 sui.
399 1012 468 1069 Nou
482 1022 528 1070 cst
541 1003 709 1069 hortamine
722 1012 813 1087 longo
971 1078 977 1088 ,
1058 998 1060 1001 Α

155 1104 257 1174 Nunc,
268 1105 320 1175 ait,-
330 1104 487 1172 utendum:
509 1104 589 1163 vires
602 1104 746 1163 effundite
760 1113 886 1161 vestras
920 1114 928 1118 ·

154 1192 221 1274 (Sic
233 1216 309 1272 upus
323 1198 384 1275 est)
396 1196 512 1273 aperite
524 1197 792 1268 domos,=ac,m01e
806 1205 932 1265 remota,

154 1288 344 1355 Fluminibus
358 1289 466 1349 vestris
477 1301 553 1349 totas
566 1288 689 1348 imittite
703 1290 838 1366 habenas.
939 1297 940 1302 ’
957 1321 960 1328 =
1001 1347 1005 1351 ,

153 1382 297 1441 iusserat.
319 1384 362 1441 Hi
374 1382 511 1451 redeunt,
524 1402 559 1441 ac
572 1381 704 1441 fontibus
717 1399 770 1438 ora
781 1362 929 1449 relasiant,
972 1445 984 1453 ,s
1032 1442 1036 1446 ,

153 1474 194 1533 Et
206 1474 359 1536 defrenato
372 1475 574 1540 volvunturin
587 1461 712 1550 'aequora
725 1489 828 1533 cursu.

153 1568 225 1642 lpse
238 1568 367 1628 tridente
380 1588 436 1629 suc
445 1580 561 1627 terram
574 1566 738 1645 percussit:
759 1578 790 1625 at
800 1565 853 1624 illa
931 1617 933 1621 .

152 1658 325 1729 intremuit,
338 1674 483 1735 motuque
499 1660 584 1720 sinus
598 1660 741 1735 patefecit
752 1676 908 1735 aquarum.
942 1692 946 1700 ›

144 1750 312 1829 lExpatiata
325 1763 414 1811 ruunt
423 1770 478 1829 per
490 1750 610 1827 apertos
623 1752 747 1812 flumina
760 1766 894 1835 campum

84 1837 88 1849 ’
136 1864 139 1870 ·
150 1844 293 1921 Cumque
308 1845 378 1905 satis
390 1848 509 1918 arbusta
522 1845 623 1916 simul,
632 1846 842 1923 pecudesque,
854 1840 1005 1919 virusque,

31 2003 33 2011 s
93 1956 102 1967 ’·
153 1934 320 2013 Tectaque,
335 1956 465 2014 cumque
479 1938 543 1999 suis
555 1937 679 2015 rapiunt
689 1934 856 2013 penetralia
869 1933 972 1995 sacris.
1075 1963 1079 1990 ι
1156 2002 1163 2014 p

46 2082 47 2085 ,
151 2028 255 2105 Siqua
268 2031 375 2087 domus
389 2030 509 2100 mansit,
522 2030 680 2107 potuitque
693 2029 934 2088 resistere‘tanto
973 2042 1003 2087 ,ζ
1220 2030 1222 2039 ’

150 2120 308 2200 Indejecta
322 2123 411 2193 malm
431 2125 553 2181 culmen
567 2135 670 2182 tamen
683 2121 773 2181 altior
783 2122 877 2200 hujus
900 2172 904 2175 .
989 2194 992 2205 Ι

150 2212 242 2271 Unda
255 2214 343 2289 tegit,
353 2220 527 2291 pressaeque
540 2218 640 2273 labant
648 2218 704 2273 sub
718 2214 842 2291 gurgite
854 2227 962 2273 turres.
1003 2266 1016 2291 ,

109 2302 113 2315 ’
147 2304 278 2382 Jamque
290 2324 373 2365 mare
386 2308 418 2365 et
426 2309 516 2367 tellus
530 2310 649 2367 nullum
659 2306 824 2367 discrimen
837 2306 991 2385 habebant·
1030 2314 1034 2323 '
1073 2343 1075 2346 -

148 2396 263 2469 Omnia
276 2412 385 2474 pontus
399 2408 494 2459 erantr
511 2400 647 2459 Deerant
656 2416 778 2477 quoque
791 2398 891 2459 littora
900 2408 1002 2475 pontu.

149 2491 289 2567 Occupat
302 2492 351 2550 hic
364 2494 487 2552 collem:
509 2498 616 2569 cymba
629 2495 714 2552 sedet
727 2496 803 2568 alter
813 2494 936 2561 adunca,

146 2582 191 2642 Et
203 2584 288 2642 ducit
300 2603 400 2643 remos
412 2584 484 2653 illic,
499 2586 549 2643 ubi
563 2604 662 2659 nuper
677 2588 785 2643 ararat.

141 2662 207 2735 ‘Ille
219 2694 311 2752 supra
324 2690 452 2753 segetes,
465 2690 516 2735 aut
527 2675 640 2737 mersae
652 2677 785 2735 culmina
797 2676 877 2736 riilae

147 2766 289 2843 Navigat:
311 2767 361 2826 hic
375 2764 498 2827 summa
507 2768 625 2844 piscem
637 2769 797 2843 deprendit
810 2767 841 2825 in
854 2770 948 2827 ulmo.
1021 2789 1024 2793 ·

147 2834 268 2936 Figstur
278 2861 309 2931 ip
320 2860 408 2919 viridi
420 2860 462 2939 (si
474 2860 535 2919 fors
547 2854 630 2939 tulit)
642 2863 775 2919 anchora
783 2871 882 2935 prator

146 2951 213 3011 Aut
224 2954 360 3030 subjecta
372 2965 473 3013 terunt
485 2960 585 3015 curvae
593 2948 830 3015 ‘vinetacarinm
962 3024 966 3030 ,

39 3070 45 3081 ·
81 3054 91 3075 ·
146 3042 196 3110 Et,
210 3044 371 3116 modoque
385 3044 515 3118 graciles
529 3064 656 3120 gramen
669 3062 812 3118 carpsere
825 3046 961 3117 capellae,

102 3180 107 3193 .
146 3130 236 3193 Nunc
249 3133 290 3192 ibi
303 3133 455 3193 deformes
467 3148 582 3209 ponunt
594 3153 649 3193 sua
661 3152 786 3209 corpora
799 3136 916 3209 phocae.
988 3151 990 3153 ·

146 3224 299 3285 Mirantur
311 3228 366 3285 sub
377 3230 456 3300 aqua
467 3228 562 3296 lucas,
572 3230 728 3302 urbesque
741 3228 908 3303 domosque

145 3318 310 3379 Nereides:
331 3316 479 3399 silvasque
492 3330 597 3379 tenent
608 3317 778 3395 delphines,
791 3331 823 3379 et
835 3319 904 3379 altis
1002 3375 1005 3382 .

143 3410 304 3470 Incursant
317 3410 418 3481 ramis,
432 3410 602 3489 agitataque
608 3416 718 3473 robora
735 3416 865 3489 pulsant.

145 3502 311 3577 Natlupus
321 3501 401 3564 inter
412 3519 495 3565 ores:
516 3505 615 3567 fulvos
627 3504 712 3565 vehit
721 3508 801 3567 unda
813 3497 936 3565 leones?

146 3596 236 3656 Unda
248 3594 331 3661 vehit
340 3596 448 3677 tigres.
468 3597 537 3658 Nec
549 3598 630 3661 sires
642 3598 777 3680 fulminis
787 3615 871 3675 apro,
