2450 4009
394 389 401 406 k
452 311 532 395 nin.
549 334 590 393 11.
610 334 701 393 raa.
716 332 741 390 1.
1014 334 1063 402 27

128 486 258 560 Verque
271 498 384 541 novum
397 482 491 539 stabat
504 477 637 538 cinctum
644 463 772 535 ¹florente
788 490 907 533 coronat

129 578 235 635 Stabat
247 574 328 633 nuda
341 576 446 642 AEstas,
457 584 488 631 et
502 573 603 647 spicea
615 582 696 628 serta
711 570 846 646 gerebat:

130 671 235 727 Stabat
248 679 279 726 et
292 670 466 725 Autumnus
481 664 603 722 calcatis
619 660 755 719 sordidus
768 658 845 718 uris:

130 762 171 819 Et
186 756 321 837 glacialis
335 758 455 833 Hyems
468 775 558 814 canos
571 754 687 813 hirsuta
699 752 834 828 capillos.

130 853 208 911 Inde
221 852 288 909 loco
302 852 432 918 medius,
446 866 549 905 rerum
562 845 694 906 novitate
705 855 867 920 paventem

132 945 185 1003 Sol
199 943 296 1001 oculis
308 942 453 1021 juvenem
467 940 575 1016 quibus
588 930 697 1013 aspicit
710 934 820 1005 omnia,
833 932 916 994 vidit.
984 998 997 1017 d

131 1037 272 1110 Quaeque
287 1036 342 1093 viae
352 1034 406 1093 tibi
418 1033 524 1093 causa?
542 1032 616 1108 quid
628 1033 693 1103 hae,
706 1028 757 1101 ait,
770 1048 839 1087 arce
854 1027 969 1103 petisti,

132 1127 310 1203 Progenies,
323 1128 488 1197 Phaethon,
502 1116 580 1183 haud
593 1124 753 1183 inficianda
764 1120 895 1198 parenti?

134 1220 190 1281 Ille
205 1220 307 1289 refert,
323 1219 352 1278 O
367 1222 422 1279 lux
434 1217 577 1277 immensi
590 1216 709 1292 publica
721 1214 837 1283 mundi,

134 1312 246 1371 Phoebe
260 1324 354 1387 pater,
369 1310 396 1367 si
409 1312 460 1371 das
472 1311 564 1390 hujus
579 1309 655 1369 mihi
667 1306 796 1367 nominis
810 1325 910 1376 usum,

52 1414 56 1425 '
133 1406 203 1463 Nec
219 1405 291 1465 uisa
304 1406 453 1480 Clymene
468 1406 588 1479 culpam
602 1405 658 1463 sub
671 1400 805 1479 imagine
818 1403 909 1470 celan

62 1514 65 1522 ’
134 1497 266 1573 Pignora
279 1500 325 1566 da,
341 1496 469 1574 genitor,
481 1512 536 1571 per
548 1514 617 1571 quae
632 1507 685 1553 tua
698 1513 769 1552 vera
782 1511 917 1569 propago
1020 1548 1025 1569 ¹

136 1591 257 1657 Credam
278 1600 310 1647 et
321 1592 401 1646 bunc
415 1587 524 1647 animis
537 1604 672 1643 errorem
684 1572 810 1642 detrahe
822 1582 942 1639 nostris.

137 1682 275 1743 Dixerat.
295 1682 338 1739 At
350 1680 469 1755 genitor
481 1678 598 1735 circum
610 1687 701 1751 caput
713 1692 803 1733 omne
816 1673 963 1733 micantes

137 1770 290 1849 Deposuit
304 1771 411 1841 radios3
432 1769 620 1847 propiusque
635 1770 781 1826 accedere
794 1767 898 1845 jussit:

137 1868 357 1941 Amplexuque
371 1866 449 1939 dato,
461 1882 518 1921 nec
532 1876 565 1921 tu
579 1878 668 1921 meus
680 1879 749 1919 esse
761 1858 868 1936 negari

137 1957 259 2032 Dignus
273 1972 318 2023 es;
340 1968 371 2013 et
384 1952 531 2029 Clymene
545 1972 645 2020 veros,
657 1953 707 2022 ait,
720 1950 816 2009 edidit
828 1960 921 2010 ortus.

136 2049 267 2123 Quoque
280 2046 382 2105 minus
395 2046 513 2105 dubites
518 2066 528 2116 ;
547 2044 675 2120 quodvis
687 2056 756 2117 pete
770 2062 895 2103 munus:
915 2042 1046 2113 utillud,

139 2139 193 2197 Me
207 2139 368 2203 tribuente,
380 2136 470 2205 seras,
484 2136 640 2211 promissis
653 2136 741 2196 testis
751 2130 854 2197 adesto

140 2230 197 2287 Dis
208 2230 336 2307 juranda
350 2233 445 2304 palus,
459 2226 557 2287 oculis
570 2229 723 2304 Incognita
733 2214 852 2287 sosius.

139 2322 203 2380 Vix
217 2326 294 2379 bene
307 2321 447 2381 desierat:
466 2339 573 2379 currus
586 2332 674 2397 rogat
686 2318 738 2377 ille
751 2326 916 2395 patemus,

140 2414 237 2488 lnque
252 2412 334 2471 diem
349 2412 499 2487 alipedum
513 2412 565 2489 jus
578 2423 610 2469 et
620 2397 824 2469 'moderamen'
831 2428 991 2485 equorum.

141 2504 284 2565 Paenituit
295 2506 416 2583 jurasse
429 2514 556 2579 patrem.
576 2496 639 2575 Qui
651 2515 760 2577 terque
774 2515 939 2580 quaterque

140 2596 325 2657 Concutiens
338 2597 454 2655 illustre
468 2606 567 2671 capnt,
580 2594 767 2665 Temeraria,
780 2594 868 2667 dixit,

141 2688 211 2747 Vox
225 2688 293 2747 me‘a
307 2688 384 2747 facta
396 2702 446 2749 tua
461 2704 514 2747 est.
537 2689 662 2759 Utinam
677 2688 825 2765 promissa
837 2692 940 2753 liceret

142 2782 207 2839 Non
221 2780 303 2838 dare!
324 2782 478 2849 confiteor,
492 2774 590 2841 solum
604 2770 662 2841 boc
675 2782 737 2848 tibi,
750 2794 828 2851 nate,
841 2802 995 2860 negarem.

142 2872 324 2949 Dissuadere
339 2866 419 2931 lieet·
440 2876 510 2930 Non
528 2886 575 2931 est
585 2886 637 2931 tua
647 2885 711 2932 tuta
722 2874 868 2931 voluntas.

143 2964 254 3037 Magna
267 2964 355 3040 petis,
369 2964 535 3031 Pha‘e‘thom
556 2977 587 3022 et
600 2982 669 3039 quae
681 2982 737 3023 nec
750 2963 862 3031 viribus
875 2963 940 3023 istis

52 3082 63 3097 ·
142 3058 272 3117 Munera
285 3056 471 3127 conveniant,
484 3074 540 3115 nec
554 3068 615 3114 tam
627 3055 795 3131 puerilibus
807 3057 901 3117 annis.

142 3150 214 3207 Sors
225 3162 278 3207 tua
290 3150 435 3208 mortalis:
458 3168 515 3208 non
529 3161 575 3207 est
589 3152 715 3208 mortale
729 3152 810 3225 quod
821 3166 913 3226 optas.

141 3242 214 3304 Plus
224 3241 314 3299 etiam
326 3260 416 3315 quant
430 3244 509 3318 quod
528 3242 652 3315 Superis
667 3241 842 3319 contingere
855 3244 899 3300 fas
912 3244 960 3313 sit,

143 3328 277 3392 Neseius
292 3336 422 3419 affectas.
446 3336 563 3392 Placeat
578 3335 633 3392 sibi
646 3336 775 3413 quisque
791 3334 900 3403 licebit;

143 3424 211 3483 Non
226 3441 326 3483 untes
340 3424 469 3502 ignifero
482 3427 642 3501 quisquam
656 3428 820 3485 consistere
835 3426 866 3483 in
881 3446 938 3486 axe

144 3516 198 3574 Me
212 3520 290 3575 valet
303 3532 443 3593 excepto.
465 3506 553 3600 Vasti
566 3539 684 3594 quoque
699 3532 799 3577 rector
813 3521 957 3597 Olympi,

87 3674 100 3699 ν
145 3608 207 3681 Qut
219 3608 282 3697 fera
294 3610 421 3673 terribili
431 3602 721 3695 jaculaturssfulmina
732 3612 848 3682 dextra,
867 3678 871 3688 Ι
948 3679 951 3683 ,
