2450 4009
366 404 371 419 ,
401 336 601 418 'utnxnn
617 352 748 415 runt.
976 357 1047 428 131

119 498 212 559 Hunc
225 498 346 559 titulum
358 500 476 559 meritis
490 502 675 575 pensandum
692 497 806 558 reddite
817 498 938 558 nostris.

117 592 186 649 Jatn
202 594 283 649 isbor
298 592 333 649 in
343 592 400 649 fine
415 608 470 651 est.
493 593 650 649 Obstantia
662 592 721 649 fata
734 592 859 650 removi:

118 684 361 757 Altaque,'posse
372 686 438 759 capi
448 683 594 752 faciendo,
608 688 753 759 Pergama
764 687 840 757 cepi.

117 774 180 833 Per
193 794 264 850 spes
275 796 355 835 nunc
369 780 463 835 socias
475 793 640 851 casuraque
654 776 764 835 moenia
774 778 903 845 Troum,

117 856 238 943 Perque
254 868 336 926 Deos
350 887 412 937 oto,
426 888 501 944 quos
517 870 594 928 hosti
609 888 706 941 nuper
717 868 827 935 ademi:

117 958 188 1026 Per,
203 959 228 1015 si
241 960 312 1036 quid
327 973 475 1035 superest,
488 962 567 1036 quud
581 965 619 1017 sit
631 962 783 1034 sapienter
795 962 967 1036 agendum:

119 1036 237 1124 Siquid
250 1053 346 1111 adhoc
360 1056 466 1118 audax,
480 1072 518 1111 ex
532 1050 744 1126 praetipitiqtte
758 1052 934 1125 petendum:

119 1142 153 1199 Si
167 1144 270 1221 Trojae
284 1144 476 1221 fatisuiiquid
490 1158 601 1203 restare
620 1144 742 1217 putatis:

119 1233 192 1291 Este
207 1235 269 1295 mei
284 1256 446 1295 memores:
463 1252 511 1294 aut
528 1236 553 1295 si
568 1236 642 1294 mihi
656 1255 714 1293 non
726 1235 803 1293 detis
816 1255 908 1307 ortum

10 1390 15 1403 „
119 1325 200 1383 Huic
214 1328 290 1394 date,
304 1328 349 1405 (et
363 1329 492 1388 ostendit
506 1328 628 1400 signum
641 1328 730 1385 tutare
746 1329 909 1405 Minetvae)
985 1391 987 1398 ¹

160 1418 245 1475 Mota
257 1437 363 1479 manus
377 1440 537 1495 procerum
551 1433 607 1478 est:
625 1430 666 1494 et,
681 1420 751 1494 quid
766 1420 903 1477 facundia
916 1432 1027 1495 posset,

120 1506 164 1567 Re
179 1510 286 1582 patuit:
303 1512 446 1589 fortisque
461 1512 517 1569 viri
532 1511 600 1569 tulit
614 1530 698 1567 arma
709 1511 848 1569 disertus.

118 1599 251 1657 Hectora
265 1604 315 1675 qui
333 1606 424 1670 solus,
436 1604 493 1677 qui·
502 1604 628 1666 serrum,
640 1601 816 1677 ignemque,
829 1602 995 1677 iovemque
1030 1618 1047 1627 ’·

119 1688 265 1751 Sustinuit
282 1694 381 1759 toties:
395 1714 485 1753 unam
500 1712 560 1752 non
573 1694 699 1751 sustinet
712 1694 800 1752 irum:

118 1782 332 1861 Invictumque
346 1786 445 1845 ritum
460 1788 551 1846 vineit
565 1789 657 1845 dolor.
679 1786 796 1860 Arripit
810 1805 927 1846 ensem:

118 1875 168 1941 Et,
184 1878 273 1937 Meus
288 1879 336 1936 hic
350 1886 430 1938 certe
444 1893 499 1938 est.
522 1882 570 1937 An
582 1890 612 1937 et
622 1882 700 1937 hunc
714 1878 770 1935 sibi
783 1892 887 1951 poscet
905 1881 1046 1955 Ulysses?

118 1968 197 2037 Hoc,
211 1970 261 2038 ait,
276 1974 421 2031 utendum
435 1983 482 2030 est
497 1972 526 2030 in
543 1990 592 2029 me
606 1972 694 2029 mihi:
708 1974 820 2046 quique
836 1990 942 2029 cruore
1045 2029 1049 2037 ,

118 2058 203 2134 Saepe
218 2064 373 2139 Phrygum
389 2065 512 2131 maduit,
525 2063 639 2121 domini
655 2083 734 2122 nuno
746 2066 830 2123 eaede
845 2066 984 2126 madebit:

118 2153 167 2211 Ne
182 2155 341 2230 quisquam
359 2156 484 2233 Ajacem
500 2156 592 2233 possit
607 2171 760 2231 superare,
774 2155 832 2213 nisi
850 2160 938 2236 Ajax.
1032 2172 1034 2176 ’

118 2246 216 2304 Dixit:
231 2260 262 2305 et
275 2246 305 2305 in
318 2258 424 2323 peetus
438 2260 502 2308 tum
517 2249 648 2323 denique
663 2252 787 2306 vulnera
801 2266 934 2325 possum,

118 2338 187 2409 Qua
199 2339 295 2413 patuit
309 2340 397 2407 fetro,
411 2342 533 2397 letalem
550 2338 682 2397 condidit
692 2356 810 2414 ensem:

118 2430 186 2487 Nec
202 2434 321 2489 valuere
337 2450 442 2489 :nonus
455 2414 583 2488 infixum
599 2433 728 2488 educere
743 2434 849 2489 telum.

119 2522 245 2597 Expulit
258 2523 322 2597 ipse
331 2519 436 2582 eruor.
458 2521 681 2597 Rubefactaque
692 2522 836 2590 sanguine
846 2525 934 2584 tellus

118 2614 310 2689 Purpureum
322 2614 412 2681 uiridi
425 2614 529 2690 genuit
541 2616 578 2671 de
593 2613 708 2688 cespite
720 2614 836 2686 florem,

119 2706 180 2776 Qui
196 2706 279 2779 prius
295 2704 420 2765 Oebalio
431 2708 528 2765 fuerat
542 2708 578 2763 de
593 2710 717 2765 vulnere
730 2721 827 2765 natus.

118 2797 219 2855 Lirem
229 2801 400 2858 eommunis
414 2800 522 2857 mediis
536 2818 691 2874 pueroque
705 2800 827 2875 viroque

117 2890 263 2967 Inscripta
276 2905 322 2953 est
333 2892 424 2952 foliis:
439 2895 506 2953 ltaec
519 2891 662 2962 nominis,
673 2890 725 2949 illa
738 2894 882 2972 querelae.
