2450 4009
424 312 573 375 atsur.
594 312 686 377 saa.
701 314 791 376 v111.
899 320 904 331 ·
1026 314 1073 397 97

143 462 229 527 Inter
241 476 336 535 seque
347 460 432 522 datas
443 460 554 539 junxit3
568 472 728 536 natamque
742 471 947 538 nepotemque

15 568 16 593 ²
114 634 118 639 Ι
144 558 296 615 Absentes
308 554 435 614 memori
449 574 503 631 pro
518 575 550 614 se
562 553 648 634 jubet
661 556 867 640 ore‘salutentz

145 649 389 726 Supremumque
402 651 477 718 vale,
490 653 578 725 pleno
592 648 774 727 singultibus
787 666 852 716 ore,

144 744 210 803 Vix
223 742 309 803 dixit:
321 743 481 819 timuitque
494 762 556 803 suae
571 741 719 820 praesagia
732 730 868 815 mentis'

146 838 190 897 At
202 838 298 896 semel
312 836 455 913 imposita
467 848 511 896 est
525 836 616 913 pictae
628 836 797 896 Philomela
809 834 929 906 carinae;

146 932 374 1005 Admotumque
384 929 498 989 mmm
513 930 616 999 remis,
625 932 777 1007 tellusque
791 933 913 1005 repulsa
927 942 984 1002 est;

146 1022 300 1091 Vicimus,
314 1025 475 1081 exclamat:
489 1042 611 1082 mecum
624 1042 694 1082 mea
703 1038 772 1082 vota
783 1022 928 1083 feruntur.

147 1114 362 1190 Exsultatque,
376 1129 406 1174 ct
419 1115 470 1176 vix
484 1117 595 1187 animo,
608 1137 663 1178 sua
677 1116 786 1194 posu
798 1103 902 1178 diflert

147 1209 307 1269 Barbarus:
319 1223 350 1267 et
363 1228 511 1287 nusquam
524 1214 629 1269 lumen
642 1212 800 1287 detorquet
814 1214 850 1269 ab
863 1212 923 1270 illa.

146 1303 216 1363 Non
228 1303 326 1371 aliter,
340 1322 430 1378 quam
445 1322 515 1362 cum
529 1304 655 1379 pedibus
670 1306 815 1379 praedator
828 1304 951 1393 obuncis

149 1394 298 1471 Deposuit
309 1395 379 1453 nido
393 1399 529 1472 leporem
543 1398 627 1456 lovis
641 1401 704 1455 ales
718 1398 748 1456 in
763 1401 833 1457 alto:

148 1488 242 1547 Nulla
256 1488 327 1571 luga
339 1503 386 1547 est
400 1505 496 1565 capto:
509 1502 626 1565 spectat
639 1510 692 1548 sua
706 1490 831 1564 praemia
844 1504 952 1565 raptor.

149 1582 278 1657 Jamque
292 1580 350 1639 iter
365 1582 517 1642 ellectum:
530 1582 654 1659 jamque
670 1582 700 1637 in
716 1601 772 1664 sua
784 1572 884 1639 littora
898 1582 989 1641 fessis

150 1673 303 1751 Puppibus
317 1674 465 1732 exierant:
482 1692 552 1731 cum
565 1664 619 1730 res
631 1673 780 1731 Pandione
795 1688 894 1733 natam

76 1792 79 1797 ·
150 1768 185 1827 In
199 1767 315 1825 stabula
325 1768 382 1824 alta
396 1766 493 1831 trahit,
506 1766 588 1825 sili-is
602 1769 729 1825 obscura
744 1770 884 1826 vetustis:

151 1863 253 1937 Atque
267 1860 307 1917 ibi
322 1862 494 1935 pallentem,
508 1860 727 1936 trepidamque,
740 1874 771 1919 et
789 1855 897 1918 cuncta
911 1861 1081 1931 timentem,

151 1954 191 2013 Et
203 1954 266 2030 jam
280 1972 350 2011 cum
363 1954 511 2029 lacrymis,
526 1954 576 2011 ubi
590 1954 628 2012 sit
643 1973 797 2030 germana,
811 1968 978 2029 rogantem,

150 2044 289 2105 Includit:
303 2045 459 2121 fassusque
473 2046 566 2117 nefas,
580 2060 612 2105 et
626 2048 787 2124 virginem,
801 2062 830 2105 et
845 2067 937 2107 unam

150 2139 193 2197 Vi
205 2151 334 2214 superat:
350 2140 459 2198 frustra
468 2142 594 2198 clamato
608 2159 689 2216 saepe
703 2156 836 2216 parente,

152 2233 241 2308 Saepe
255 2251 355 2291 sorore
368 2250 432 2300 sua,
446 2232 566 2310 magnis
580 2234 787 2308 superomnia
803 2233 898 2292 Divis.
969 2224 975 2231 ’

44 2357 49 2368 ·
151 2326 209 2384 llla
217 2325 331 2392 tremit,
345 2329 426 2383 velut
438 2344 514 2401 agna
526 2345 646 2401 pavens,
660 2346 728 2401 quae
743 2326 845 2384 saucia
860 2327 927 2386 cani

152 2420 216 2479 Ore
231 2437 360 2477 excussa
374 2418 449 2493 lupi,
460 2420 593 2476 nondum
607 2417 664 2475 sibi
679 2432 743 2476 tuta
757 2419 883 2477 videtur:

151 2512 254 2587 thue
267 2512 414 2577 columba,
428 2529 482 2567 suo
493 2508 670 2568 madefactis
683 2509 829 2585 sanguine
843 2510 965 2588 plumis,

151 2604 266 2663 Horret
279 2607 385 2673 adhuc,
396 2602 556 2679 avidosque
570 2603 671 2673 timet,
683 2604 790 2678 quibus
803 2608 942 2678 haeserat,
955 2624 1082 2685 ungues.

109 2701 114 2711 “
153 2698 231 2755 Mox
245 2697 296 2755 ubi
308 2716 394 2755 niens
409 2696 506 2765 rediit;
521 2715 626 2779 passos
641 2697 750 2757 laniata
760 2697 894 2773 capillos,

154 2788 303 2871 [Lugenti
317 2789 434 2860 similis,
447 2788 535 2849 c'aesis
549 2793 694 2867 plangore
705 2788 851 2869 lacertis]

152 2882 315 2941 intendens
327 2884 452 2957 palmas,
467 2886 538 2949 Pro,
552 2883 637 2951 diris,
651 2886 785 2948 barbare,
798 2881 894 2951 factis,

151 2974 222 3045 Prd,
236 2975 378 3057 crudelis,
393 2973 444 3029 ait!
461 2984 560 3031 necte
573 2959 713 3029 mandata
724 2972 855 3047 parentis
927 3039 929 3042 ,

51 3063 53 3067 ’
139 3066 233 3126 'Com
248 3066 391 3144 lacrymis
404 3072 524 3126 mouere
537 3064 604 3140 piis,
619 3083 675 3123 nec
689 3083 763 3123 cura
775 3064 894 3137 sororis,

152 3160 221 3219 Neo
236 3170 304 3219 me'a
319 3158 484 3237 virginitas,
497 3178 552 3218 nec
567 3158 748 3239 conjugialia
758 3158 839 3239 jurei

153 3252 267 3313 Omnia
278 3252 411 3310 turbssti.
437 3254 543 3310 Pellex
556 3272 616 3328 ego
629 3252 706 3312 facta
719 3252 827 3323 sorori;

153 3342 204 3406 Tu
217 3343 349 3425 geminis
362 3346 483 3423 conjux.
505 3347 573 3403 Non
588 3348 655 3405 haec
670 3346 744 3403 mihi
759 3346 858 3423 debita
871 3362 967 3421 poena.

154 3442 235 3514 Quin
250 3441 381 3501 animam
394 3442 469 3497 hanc
484 3440 627 3517 (nequod
640 3440 756 3499 facinus
769 3437 832 3508 tibi,
845 3440 969 3514 perfide,
979 3442 1085 3520 restet)

155 3533 272 3610 Eripis?
289 3547 378 3609 atque
392 3533 505 3591 utinam
519 3532 643 3590 fecisses
657 3546 725 3591 ante
739 3532 882 3591 nefandos

156 3626 351 3689 Concubitus!
362 3646 472 3687 vacuas
485 3626 656 3686 habuissem
669 3626 806 3685 criminis
820 3627 951 3685 umbras.
