2450 4009
414 370 495 431 ΜΒ.
507 370 566 427 111.
580 366 673 427 PAR.
685 366 750 427 vri
995 370 1044 439 49

110 515 258 593 Quisquis
270 530 314 584 ea,
326 514 386 575 huc
399 512 462 573 exi:
483 512 555 589 quid
568 532 631 582 me,
645 531 721 589 puer
730 511 827 585 unice,
838 511 927 575 fallis?

111 610 217 682 Quove
231 609 342 684 petitus
354 604 428 667 abis?
449 608 538 666 Certe
550 624 606 665 nec
619 606 724 676 torma,
736 624 791 667 nec
805 618 877 667 aetas

113 703 167 761 Est
178 721 258 771 mea,
273 719 362 777 quam
372 699 480 777 fugiasr
501 711 532 759 et
543 702 680 781 amarunt
692 718 742 758 me
751 718 869 776 quoque
878 703 1042 781 Nymphae.

113 796 209 871 Spem
222 794 296 852 mihi
309 792 515 867 nescioquam
529 794 611 851 vultu
626 792 776 867 promittis
788 795 896 853 amicos

113 890 254 961 Cumque
267 904 323 962 ego
335 884 455 961 porrexi
468 884 521 943 tibi
534 886 660 954 brachia,
671 885 801 961 porrigis
814 890 902 946 ultro:

114 982 196 1039 Cum
209 980 266 1048 risi,
279 980 402 1039 arrides:
423 982 568 1053 lacrymas
581 996 701 1056 quoqne
714 997 797 1055 saepe
809 982 915 1052 notavi,

112 1072 176 1131 Me‘
184 1075 370 1149 lacrymante,
385 1086 470 1131 tuan·
481 1072 562 1131 nictu
576 1090 696 1146 quoque
706 1073 792 1149 signa
805 1073 941 1134 remittis:

114 1166 162 1235 Et,
176 1176 320 1243 quantum
333 1178 417 1225 motu
430 1165 550 1223 formosi
564 1166 699 1239 suspicor
711 1165 781 1235 oria,

113 1258 214 1317 Verba
226 1259 317 1317 refers
330 1277 416 1317 aures
429 1276 486 1317 non
501 1257 700 1333 pervenientia
712 1270 835 1319 nostras.

114 1352 148 1409 In
161 1362 191 1410 te
203 1370 262 1427 ego
273 1370 350 1421 sum,
364 1350 455 1410 sensi:
474 1369 530 1409 nso
544 1370 594 1409 mo
605 1349 758 1411 mea'faliit
770 1353 880 1430 imago.

113 1446 194 1503 Uror
209 1450 310 1503 amore
323 1445 393 1503 mei:
415 1444 550 1505 flammas
563 1463 729 1519 moveoque
742 1444 872 1520 feroque.

114 1537 194 1609 Quid
207 1536 328 1595 faciam?
349 1554 447 1611 roger,
459 1554 534 1595 anne
547 1535 667 1613 rogem?
685 1536 759 1611 quid
769 1539 874 1614 deiude
884 1538 1006 1613 rogabo!

114 1630 191 1703 Quid
201 1630 293 1704 cupio
305 1646 427 1686 mecum
441 1639 496 1685 est:
517 1632 629 1696 inopem
642 1646 686 1681 me
698 1628 868 1695 copiastcit.

114 1726 143 1780 Ο
154 1724 269 1780 utinam
283 1731 383 1779 nostro
394 1721 530 1777 secedere
543 1736 666 1793 corpore
676 1717 808 1793 possem!

114 1814 228 1873 Votum
243 1812 274 1869 in
288 1823 403 1871 amante
414 1828 536 1880 novum3
548 1808 666 1882 vellem,
677 1813 756 1888 quod
766 1830 911 1882 amamus,
922 1818 1043 1879 abesset.

113 1906 244 1980 Jamque
254 1907 337 1963 dolor
353 1906 428 1963 vires
442 1904 556 1963 adimit:
578 1923 634 1963 nec
647 1917 780 1979 tempora
794 1905 862 1965 vitae

113 2000 218 2073 Longa
232 2016 308 2055 meae
322 2007 471 2071 superant3
492 1995 651 2072 primoque
663 1998 836 2073 exstinguor
848 1995 878 2057 in
894 2017 966 2061 aevo.

115 2093 177 2147 Nec
189 2092 258 2145 mihi
271 2108 345 2145 mora
357 2090 462 2161 grume
476 2102 518 2145 ent
526 2093 664 2158 perituro
675 2102 766 2145 morte
780 2094 898 2149 dolona.

114 2184 185 2251 Hic,
195 2180 249 2259 qui
260 2181 404 2256 diligitur,
416 2182 524 2241 veliem
537 2181 703 2243 diuturnior
713 2194 803 2242 esset.

114 2278 205 2335 Nunc
218 2276 277 2333 duo
289 2277 447 2333 concordes
461 2273 559 2333 anima
573 2277 736 2333 moriemur
748 2277 778 2333 in
791 2292 859 2335 una.

115 2368 210 2437 Dixit,
223 2356 252 2426 et
264 2369 300 2425 ad
312 2366 419 2425 faciem
434 2369 517 2425 rediit
530 2370 709 2426 malesanus
721 2370 857 2436 eandem;

115 2461 155 2519 Et
168 2459 308 2533 lacrymis
323 2456 448 2517 turbavit
461 2474 564 2531 aquas=
585 2458 767 2530 obscuraque
779 2469 862 2517 moto

115 2551 238 2609 Reddita
247 2550 344 2609 forma
358 2550 425 2607 lacu
439 2561 494 2607 est:
516 2567 608 2623 quam
623 2567 694 2605 cum
708 2549 826 2608 vidisset
838 2552 926 2625 abire3

116 2642 183 2715 Quo
198 2640 291 2719 fugis?
311 2660 373 2708 oro,
387 2656 484 2709 mane;
505 2658 560 2699 nec
574 2660 633 2705 me,
646 2641 784 2711 crudelis,
796 2657 946 2706 amantem

116 2734 238 2800 Desere,
251 2734 397 2802 clamavin
418 2732 513 2801 liceat,
526 2735 605 2809 quod
618 2744 738 2811 tangere
749 2753 807 2793 non
820 2748 875 2805 est,

116 2825 289 2901 Adspicere3
310 2836 338 2884 et
352 2826 461 2885 misero
474 2828 606 2900 praebera
621 2827 760 2885 alimenta
771 2827 875 2888 furori.
921 2896 926 2903 .

116 2918 259 2993 Dumque
271 2920 359 2985 dolet,
370 2936 490 2975 summa
503 2929 617 2974 vestem
631 2917 754 2973 deduxit
766 2921 802 2973 ab
814 2936 877 2988 ora,

116 3006 263 3085 Nudaque
275 3007 451 3069 marmoreis
463 3007 608 3081 percussit
618 3018 735 3081 pectora
748 3008 862 3082 palmia

115 3102 237 3167 Pectora
246 3112 398 3183 traxerunt
414 3112 534 3159 tenuem
548 3117 688 3175 percussa
701 3103 848 3174 ruborem,

115 3194 145 3251 N
146 3210 184 3251 on
196 3194 291 3262 aliter,
304 3210 393 3267 quam
403 3211 493 3267 poma
504 3195 609 3261 solean
632 3214 700 3269 quae
709 3197 831 3257 candida
843 3211 933 3273 parte,

115 3286 201 3355 Parte
215 3288 329 3343 rubent:
351 3296 400 3345 aut
412 3298 445 3343 ut
457 3288 542 3345 variis
556 3290 629 3345 solet
640 3307 698 3346 ura
711 3294 836 3348 racemis

114 3375 234 3437 Ducere
248 3392 444 3453 purpureum,
457 3380 587 3437 nondum
602 3394 726 3447 matura,
736 3384 877 3439 colorem.

114 3466 192 3539 Quae
207 3468 297 3529 simul
307 3467 442 3544 adspexit
455 3469 608 3543 liquefacta
623 3490 725 3531 rursus
736 3472 766 3529 in
780 3474 867 3542 unda3

113 3559 185 3618 Non
198 3561 263 3619 tulit
277 3560 409 3627 ulterius,
427 3562 488 3627 sed,
499 3578 528 3619 ut
543 3564 721 3623 intabescere
732 3566 816 3624 flarae

115 3650 191 3727 Igne
204 3650 262 3721 leri
273 3670 360 3723 terre,
369 3653 560 3721 matutinaeve
573 3654 705 3743 pruine-
794 3699 798 3707 -
