2450 4009
132 300 178 365 86
440 253 739 353 muraneum-i.

130 440 202 497 Huc
214 456 335 513 quoque
347 437 531 514 terrigenam
544 444 663 498 venisse
678 442 824 515 Typho'e‘a
835 430 943 512 narrat,

129 532 170 589 Et
185 550 217 589 se
230 530 365 589 mentitis
380 532 512 604 Superos
525 535 642 591 celasse
655 533 775 611 figuris3

129 622 263 699 Duxque
278 624 393 700 gregis,
407 625 491 693 dixit,
504 625 536 683 lit
551 626 681 701 Jupiter:
696 628 776 684 unde
788 626 925 685 recurvis
982 649 985 657 ·
1012 653 1016 657 “

128 716 161 773 N
164 735 219 773 unc
235 736 355 792 quoque
367 716 510 777 formatus
525 719 617 793 Libys
627 730 674 776 est
685 720 903 777 oumcornib‘us
917 720 1060 778 Ammon.

128 806 239 865 Delius
253 808 283 866 in
297 828 396 874 corvo,
410 814 509 881 proles
523 810 678 869 Semeleia
691 830 793 887 capro,
825 823 840 852 '=

129 902 201 977 Fele
217 910 300 960 soror
315 902 428 969 Phoebi,
441 903 529 971 'nivea
544 902 684 961 Saturnia
698 923 797 970 vacca,

121 995 217 1061 fisce
230 996 336 1051 Venus
352 993 447 1062 latuit,
461 993 617 1068 Cyllenius
633 992 724 1051 Ibidis
736 993 800 1052 alis.
889 1051 892 1056 .

165 1088 324 1166 ,Hactenus
338 1090 373 1144 ad
387 1086 531 1155 citharam
546 1084 660 1143 vocalia
673 1097 809 1145 moverat
820 1105 884 1145 orat

73 1188 77 1195 ’
128 1179 287 1249 Poscimur
302 1180 445 1238 Aonides:
461 1181 513 1237 sed
528 1178 650 1237 forsitan
664 1178 723 1237 otia
735 1198 793 1237 non
808 1181 879 1260 sint3¹

128 1274 197 1331 Nec
209 1272 318 1330 nostris
332 1275 467 1347 praebore
479 1262 567 1330 vacet
578 1272 632 1330 tibi
646 1272 782 1331 rantibus
796 1292 909 1334 aurem.

127 1368 178 1424 Ne
191 1365 300 1433 dubita,
315 1377 511 1439 vestrumque
525 1364 598 1422 mihi
608 1363 692 1426 'refer
706 1364 808 1430 ordine
822 1382 954 1446 carmen,
984 1403 988 1409 -
1047 1395 1056 1407 ,

128 1460 226 1517 Pallas
241 1459 291 1517 ait:
305 1459 498 1535 nemorisque
513 1458 572 1517 levi
582 1458 718 1517 consedit
732 1458 762 1516 in
775 1455 890 1516 umbra.
917 1466 922 1470 ’

103 1584 106 1589 ·
129 1553 224 1611 Musa
233 1552 334 1610 reiert.
349 1552 498 1614 Dedimus
508 1570 662 1610 summam
677 1551 849 1610 certaminis
862 1545 923 1613 uni.
978 1606 981 1610 ,
1067 1542 1072 1556 ’

130 1644 247 1721 Surgit,
261 1657 291 1701 et
305 1644 458 1703 immissos
470 1647 581 1703 hedera
592 1637 719 1705 collecta
732 1644 854 1719 capillos
973 1634 1002 1683 q

75 1801 79 1805 ,
129 1738 266 1811 Calliope
282 1742 422 1813 querulas
434 1750 593 1813 praetentat
606 1738 714 1811 pollice
728 1731 865 1797 chordas:
1002 1740 1006 1747 “

130 1830 239 1905 Atque.
247 1832 312 1888 haec
326 1830 476 1905 percussis
488 1829 643 1909 subjungit
656 1831 791 1889 carmina
803 1831 913 1891 nervis.

190 2062 368 2147 Proserpina
382 2099 399 2133 α
414 2080 538 2136 Plutone
552 2090 651 2149 rosata,
663 2082 805 2153 etCyane
817 2085 848 2140 in
862 2086 993 2139 Fontem.
1037 2094 1044 2108 ¹

536 2190 608 2231 sao.
620 2192 664 2231 vr.

149 2290 152 2295 ”
207 2294 317 2351 Patara
333 2292 519 2351 Ceresunoo
533 2294 651 2369 glebam
666 2290 937 2353 dimovitaratrot·
1018 2342 1021 2345 ,

130 2388 232 2447 Prima
246 2386 329 2445 dedit
339 2386 452 2461 fruges,
464 2386 665 2462 alimentaque
677 2386 764 2445 mitia
778 2386 875 2446 terris:

129 2481 233 2539 Prima
246 2480 329 2538 dedit
344 2482 438 2554 leges·
460 2480 584 2539 Cereris
596 2500 700 2539 sumus
713 2481 814 2539 omnia
827 2485 947 2539 munus'.

104 2626 107 2630 .
130 2576 186 2633 illa
201 2572 334 2629 canenda
347 2570 423 2649 mihi
437 2580 491 2629 eet.
513 2572 637 2629 Utinam
651 2569 854 2631 morlodieere
868 2590 990 2647 possem

130 2662 273 2724 Carmina
286 2662 375 2739 digna
388 2662 464 2719 Dea.
485 2664 576 2720 Certe
592 2662 661 2720 Dea
671 2662 803 2722 carmine
817 2649 908 2740 digna
918 2675 975 2723 est.

118 2754 222 2818 *Vasta
233 2754 382 2832 giganteis
396 2754 572 2831 ingesta-'est
585 2754 683 2815 insula
693 2754 841 2813 membris
902 2761 906 2765 ’

101 2913 106 2928 s
127 2850 293 2919 Trinacris;
307 2860 336 2908 et
349 2846 469 2925 magnis
482 2848 652 2926 subjeetum
660 2848 795 2908 ‘molibus
807 2859 899 2925 urget
910 2919 913 2926 Ι
929 2897 932 2902 .

129 2948 286 3019 AEthereas
300 2962 404 3001 ausum
418 2960 541 3017 sperare
554 2944 700 3018 Typho'e'a
714 2930 810 2999 sedes.

128 3035 246 3096 Nititur
258 3034 457 3107 illequidem‚
471 3048 646 3109 pugnatque
657 3052 817 3107 resurgere
832 3052 924 3108 saepe:

129 3128 247 3186 Dextra
256 3126 309 3183 sed
320 3124 457 3183 Ausonio
469 3142 575 3183 manus
590 3138 637 3183 est
647 3124 785 3201 'subjecta
800 3127 918 3184 Peloros
1008 3138 1012 3145 ’

128 3222 229 3290 Laeva,
243 3220 391 3294 Pachyne,
404 3216 466 3275 tibia
482 3214 617 3292 Lilybaeo
631 3236 719 3275 crura
732 3230 922 3292 premuntur:
1001 3205 1006 3225 ³

129 3311 283 3388 Degravat
295 3312 380 3370 AEtna
393 3322 492 3385 caput:
509 3314 563 3367 sub
578 3311 812 3386 qua-resupinos
826 3329 930 3370 arenas
1004 3309 1008 3315 ’

130 3406 260 3483 Eiectat,
273 3407 487 3479 flammamque
501 3403 564 3461 lero
578 3404 671 3462 vomit
684 3424 736 3463 ore
751 3396 916 3481 Typboeus.
986 3413 990 3416 ’

132 3500 220 3571 Saepe
233 3499 366 3556 remoliri
381 3501 508 3557 luctatur
521 3500 654 3573 pondera
665 3510 760 3569 terrm

131 3587 322 3665 «rapidaque,
336 3602 365 3648 et
376 3580 501 3667 magnos
515 3593 653 3651 evolvere
661 3609 786 3667 corpore
797 3601 923 3649 montes.
