2450 4009
154 364 224 437 100
303 408 307 416 .
466 359 759 425 METAMORPH.
792 390 798 403 ¹

146 505 211 565 Sed
225 494 313 567 seron:
326 508 380 567 sed
392 508 418 567 si
433 508 505 583 quid
519 510 620 576 habes,
633 512 712 585 qnod
725 509 842 571 vincere
853 508 968 574 sermm
1000 564 1006 572 .
1044 549 1050 557 ι
1129 533 1142 545 “

151 600 256 661 Possit.
278 603 313 659 ln
326 618 414 660 omne
427 602 509 661 nefas
522 621 579 679 ego
592 622 653 673 me,
666 622 816 679 germana,
829 606 938 680 parari.

150 695 215 753 Aut
225 714 292 771 ego,
306 712 375 755 cum
390 696 499 755 facibus
507 696 622 773 regalia
634 709 718 765 tecta,
731 700 874 769 cremum,

150 788 307 848 Artificem
320 789 428 849 mediis
440 787 601 848 immittam
618 790 715 849 Terea
733 785 871 849 flammis·
926 824 947 861 ¹-
1105 857 1108 862 ,

152 870 216 945 Aut
230 884 376 963 linguam,
388 899 437 943 aut
450 887 563 952 oculos,
576 896 628 943 aut
640 903 709 959 quae
723 886 772 944 tibi
788 888 924 945 membra
935 888 1082 961 pudorem

151 976 352 1044 Abstulerant,
367 977 444 1035 ferro
457 974 642 1050 rapiarnt'aut
658 994 712 1051 per
725 980 844 1037 vulnera
856 977 940 1036 mille
981 993 994 1017 -·

152 1067 273 1127 Sontem
287 1068 417 1127 animam
427 1070 585 1143 expellam.
607 1069 755 1145 Magnum
763 1072 961 1147 quodcunque
971 1072 1082 1149 paravi.

150 1160 231 1234 Quid
248 1164 294 1232 slt,
307 1162 401 1239 adhuc
411 1162 520 1220 dubito.
542 1163 660 1238 Peragit
672 1165 746 1221 dum
757 1154 826 1222 tolia
840 1165 965 1235 Procne,

150 1256 200 1313 Ad
215 1267 342 1315 matrem
356 1256 487 1314 ueniebat
501 1254 572 1330 Itys'.
594 1254 675 1327 Quid
689 1255 791 1332 possit,
804 1259 840 1315 ab
853 1256 903 1333 ilio
997 1310 1001 1315 ,

150 1348 312 1407 Admonita
324 1362 380 1407 est:
394 1345 547 1425 oculisque
562 1362 647 1407 tuens
661 1348 838 1421 immitibus,
852 1352 903 1409 Ah
917 1366 1007 1428 quam

150 1442 194 1501 Es
205 1442 311 1501 similis
324 1442 412 1518 patri!
426 1442 509 1501 dixit.
530 1445 595 1501 Nec
611 1446 697 1519 plura
710 1446 818 1513 locuta,

151 1534 252 1595 Triste
264 1549 346 1613 parat
356 1535 482 1605 fucinum
498 1536 644 1612 tacitaque
656 1549 800 1597 exaestuat
809 1536 864 1597 ira.
926 1568 929 1574 >

151 1629 196 1687 Ut
209 1642 307 1688 tamen
318 1630 441 1695 accessit
453 1644 549 1695 natus,
563 1626 711 1707 matrique
726 1634 852 1710 salutm
946 1626 949 1631 ’

151 1722 270 1791 Attulit,
282 1735 311 1781 et
324 1723 421 1797 parvis
434 1725 554 1782 adduxit
569 1726 643 1781 colla
654 1725 779 1795 lacertis,

57 1878 60 1885 ,
153 1814 304 1891 Mistaque
317 1814 464 1886 blanditiis
483 1817 643 1891 puerilibus
655 1818 756 1874 oscula
766 1814 875 1893 junxiu

152 1905 238 1967 Mota
252 1908 373 1983 quidem
388 1921 433 1968 est
447 1908 585 1985 genitrix,
600 1908 780 1985 infractaque
794 1907 924 1987 oonstitit
935 1908 989 1970 irat

153 2002 302 2077 Invitique
317 2004 394 2061 oculi
405 2004 543 2077 lacrymis
556 2005 696 2061 maduere
710 2004 829 2061 coactis.

154 2095 213 2153 Sed
227 2096 315 2151 simul
330 2114 367 2152 ex
378 2096 469 2152 nimia
483 2107 608 2177 matrem
624 2097 730 2169 pietate
742 2098 839 2153 labare

74 2256 78 2265 ι
155 2185 263 2244 ὃεῃείῑε
279 2190 313 2245 ab
327 2188 384 2243 hoc
398 2186 507 2244 iterum
520 2199 563 2244 est
576 2189 611 2243 ad
628 2190 725 2246 vultus
739 2205 822 2245 versa
833 2186 952 2257 sororis3

102 2298 105 2301 ·
154 2280 249 2355 Inque
264 2282 510 2358 viccm'spectans
521 2282 633 2347 ambos,
646 2280 712 2337 Cur
723 2281 869 2351 admovet,
882 2281 990 2359 inquit,
1080 2284 1083 2288 ’

103 2412 114 2428 .
155 2375 243 2434 Alter
255 2374 417 2443 blanditiam
431 2386 513 2449 rapta
527 2372 594 2431 silet
606 2376 698 2431 altera
709 2372 822 2450 lingua?

155 2466 256 2540 Quam
267 2479 350 2527 vocat
362 2469 410 2525 hic
425 2480 561 2541 matrem,
575 2485 629 2525 cur
637 2484 696 2525 non
710 2480 795 2525 vocat
806 2468 856 2527 illa
867 2465 1013 2527 sororeml

155 2562 214 2620 Cui
228 2563 270 2619 sis
283 2574 376 2637 nupta
386 2563 461 2629 vide,
474 2561 623 2619 Pandione
633 2574 710 2627 nata,
720 2560 837 2633 marito.

154 2652 340 2729 Degeneres.
361 2654 465 2711 Scelus
479 2668 522 2711 est
536 2652 629 2728 pietas
642 2652 671 2709 in
687 2653 812 2730 conjuge
827 2651 932 2709 Tereo.
991 2682 1000 2709 1.

156 2746 188 2805 N
190 2765 224 2805 ec
238 2764 331 2815 mortu
345 2745 434 2805 traxit
448 2746 524 2819 ltyn:
540 2746 629 2802 veluti
643 2743 808 2820 Gangetica
818 2762 916 2802 cervae

154 2842 329 2914 Lacteqtem
341 2838 442 2897 foetum
456 2856 510 2915 per
522 2837 611 2898 silvas
622 2834 711 2914 tigris
720 2854 838 2913 opacas.

158 2938 263 3011 thue
278 2938 384 2993 domus
397 2936 463 2993 altae
475 2945 591 3011 partem
604 2934 727 2991 tenuere
740 2942 897 3009 remotatm

121 3016 124 3021 “
157 3030 405 3102 Tendentemque
419 3046 535 3097 manus,
550 3018 580 3084 et
591 3025 655 3104 jam
669 3046 722 3084 sua
734 3025 791 3083 sata
805 3025 963 3093 videntem,

159 3120 223 3189 Eia,
237 3132 265 3178 et
277 3118 351 3195 jam,
361 3130 463 3186 mater,
478 3120 666 3187 clamantem,
678 3130 707 3175 et
720 3120 794 3174 colla
807 3130 957 3191 petentem

158 3214 240 3273 Ense
254 3211 321 3269 ierit
334 3212 456 3279 Procne,
468 3209 552 3267 lateri
565 3228 624 3283 qua
637 3223 740 3285 pectus
753 3210 894 3268 adhaeret.

159 3307 226 3365 Nec
240 3308 355 3365 vultum
369 3304 480 3363 avertit.
501 3302 576 3361 Satis
590 3302 635 3361 illi
647 3304 684 3362 ad
696 3300 753 3361 iata
764 3306 808 3362 vel
822 3322 917 3363 unum
992 3291 997 3298 ⁴

160 3400 278 3457 Vulnus
291 3408 361 3456 erata
375 3396 516 3476 jugulum
530 3395 608 3453 ierro
623 3396 785 3454 Philomela
799 3395 930 3454 resoluit.

160 3491 298 3565 Vivaque
311 3491 419 3561 adhuc,
432 3476 600 3565 animaeqne
613 3487 724 3564 aliquid
737 3488 890 3547 retinentia
900 3488 1035 3549 membra

161 3582 322 3641 Dilaniant.
335 3584 407 3641 Pars
419 3586 485 3641 inde
498 3582 576 3641 cavis
590 3584 718 3641 exsultat
730 3582 821 3639 aenist

162 3676 234 3739 Pars
248 3678 374 3738 verubus
387 3678 498 3751 stridet:
515 3688 634 3737 manant
645 3673 804 3752 penetralia
816 3674 890 3733 tabe.
