2450 4009
432 352 513 417 Lus.
527 352 570 413 11.
589 354 683 415 FAB.
698 356 724 415 1.

111 496 199 556 Tum
211 495 289 557 facts
302 506 348 557 est
358 496 455 575 Libye
468 498 561 575 raptis
575 499 753 559 humoribus
763 508 841 561 aestn

111 587 219 658 Arids;
240 601 309 649 turn
322 590 472 666 Nympnae
487 592 583 667 passis
597 590 757 667 sontesque
768 594 912 670 lacusque

112 679 275 744 Deflevere
290 682 394 741 onmis.
414 683 533 755 Quaerit
543 683 661 743 Boeotia
672 682 797 753 Diroen,

113 772 218 849 Argos
234 776 437 851 Amymonen,
451 774 572 851 Ephyre
587 774 741 835 Pirenidas
754 776 858 835 undas.

110 864 145 923 N
146 883 184 923 ec
198 866 299 927 sortita
312 869 380 925 loco
393 866 538 925 distentas
551 865 675 927 flumina
686 866 767 943 ripas

112 957 197 1015 Tuta
209 970 341 1018 munenta
361 958 472 1018 mediis
485 960 599 1019 Tanais
612 958 739 1020 fumavit
752 959 784 1019 in
797 959 894 1032 undis,

113 1049 292 1127 Peneosque
306 1070 412 1122 senex,
425 1053 710 1129 Teuthranteusque
723 1053 846 1124 Caicus,

114 1142 156 1201 Et
167 1144 247 1203 celer
257 1144 404 1212 Ismenos,
416 1138 486 1206 'oum
500 1146 651 1204 Phocaico
666 1145 862 1222 Erymantho,

113 1234 312 1311 Arsurusque
323 1234 435 1295 iterum
449 1236 598 1304 Xanthus,
611 1236 765 1313 flavusque
778 1238 955 1313 Lyoorrnssr

114 1326 238 1402 Quique
250 1326 416 1387 recurvatis
431 1326 507 1387 ludit
521 1328 685 1385 Mesndros
698 1328 729 1386 in
743 1328 844 1397 undio

113 1417 364 1495 Mygdoniusque
376 1420 487 1489 Melas,
498 1429 530 1477 et
543 1420 705 1479 Taenarius
717 1420 858 1480 Eurotas.

114 1509 200 1567 Arsit
209 1523 241 1569 et
254 1510 424 1585 Euphrates
436 1511 627 1586 Babylonius,
640 1511 715 1571 arsit
727 1514 870 1582 Orontes,
1011 1565 1015 1573 .

115 1600 372 1677 Thermodonque
385 1601 474 1669 citus,
483 1602 683 1678 Gangesque,
693 1614 726 1661 et
738 1601 854 1673 Plruis,
865 1612 896 1660 et
907 1602 992 1663 Ister.

114 1695 230 1751 AEstuat
245 1693 392 1765 Alpheon
414 1690 487 1765 ripae
501 1690 705 1767 Spercheides
717 1692 834 1751 ardente

115 1784 265 1861 Quodque
279 1801 334 1841 suu
347 1782 452 1861 Tagus
460 1800 548 1841 amne
562 1782 654 1851 vehit,
666 1782 732 1843 fluit
743 1782 873 1860 ignibus,
885 1802 1003 1850 aurum.

114 1874 164 1944 Et,
177 1892 247 1950 quae
258 1873 407 1939 ¹Maeonias
419 1876 608 1935 celebrarunt
621 1875 756 1938 carmine
767 1875 857 1953 ripas,

114 1966 280 2027 Fluminea
295 1968 433 2025 volucres
446 1967 548 2027 medio
558 1970 677 2027 caluere
689 1970 826 2045 Caystro.

113 2058 206 2118 Nilus
217 2060 249 2117 in
261 2069 436 2117 extremum
449 2057 527 2134 sugit
537 2057 716 2133 perterritus
728 2063 843 2130 orbem,

115 2147 320 2223 Oceuluitque
335 2158 432 2223 caput,
445 2150 525 2223 quod
539 2150 635 2207 adhuc
650 2152 728 2206 latet.
748 2148 836 2207 Ostia
846 2162 966 2224 septem

115 2242 332 2300 Pulverulents
345 2250 457 2309 vacant,
469 2250 587 2315 septem
601 2238 667 2299 sine
679 2236 803 2297 flumine
814 2240 917 2299 valles.

115 2332 192 2391 Fors
203 2332 311 2391 eadem
322 2330 466 2391 Ismarios
479 2333 618 2393 Hebrum
632 2348 704 2390 cum
718 2332 880 2406 Strymone
892 2332 998 2407 siccat,

115 2422 346 2501 Hesperiosque
360 2442 476 2490 amnes,
487 2424 641 2491 Rhenum,
653 2424 905 2495 Rhodanumque,
916 2422 1044 2485 Padum·

116 2514 236 2591 Cuique
249 2512 306 2573 fuit
318 2528 422 2573 rerum
434 2514 584 2588 promisse
595 2512 738 2587 potentis,
752 2510 875 2587 Tybrin.
955 2512 1044 2595 [que‚

117 2604 239 2664 Dissilit
251 2622 341 2665 omne
355 2607 463 2674 solum;
483 2615 681 2681 penetratque
695 2602 727 2662 in
740 2604 864 2663 Tartara
876 2604 963 2665 rimis

117 2698 246 2766 Lumen,
259 2708 291 2781 et
302 2694 455 2757 infernum
469 2708 562 2757 terret
575 2716 646 2756 oum
661 2695 793 2776 conjuge
806 2714 922 2775 regem.

118 2788 159 2847 Et
170 2807 253 2847 mare
268 2788 463 2859 contrahitur,
483 2790 633 2865 siccaeque
648 2803 696 2848 est
707 2807 832 2865 campus
843 2807 954 2858 aoenae,

118 2880 187 2952 Quo
201 2880 293 2938 modo
308 2888 416 2955 pontus
429 2896 505 2941 erata
525 2901 661 2956 quosque
676 2885 770 2939 altum
783 2891 899 2938 texerat
912 2898 1025 2955 aequor,

119 2972 279 3031 Exsistunt
292 2983 420 3039 montes,
433 2983 464 3029 et
475 2989 593 3045 sparsas.
604 2972 750 3046 Cycladas
768 2980 890 3046 augent.

119 3065 184 3121 lma
196 3074 302 3139 petunt
312 3061 423 3138 pisces:
444 3079 501 3120 nec
514 3080 545 3121 se
560 3078 651 3137 super
663 3079 785 3138 aequora
798 3061 882 3121 curvi

119 3154 242 3214 Tollere
256 3164 415 3225 consuetas
429 3154 538 3233 audent
551 3153 709 3230 delphines
721 3154 860 3224 inauras.
918 3164 927 3179 '

119 3246 252 3321 Corpora
267 3247 433 3320 phocarum
445 3265 565 3306 summo
578 3246 718 3323 resupina
730 3246 877 3321 profundo

119 3336 297 3397 Exanimata
309 3332 418 3394 natant.
438 3338 541 3411 Ipsum
557 3358 678 3416 quoque
693 3342 795 3398 Nerea
806 3340 886 3398 fama
898 3350 954 3410 est,

120 3426 304 3505 Doridaque,
317 3438 349 3486 et
361 3438 452 3495 natas,
465 3429 575 3505 tepidis
587 3430 709 3489 latuisse
722 3434 777 3490 suh
788 3426 890 3487 antris.

121 3521 184 3581 Ter
195 3518 356 3595 Neptunus
369 3518 454 3594 aquis
468 3539 538 3579 cum
551 3534 636 3579 torro
648 3520 771 3580 brachia
785 3522 869 3577 vultu

121 3612 273 3679 Exserere
287 3630 376 3671 ausus
388 3622 463 3681 erat3
484 3624 531 3672 ter
542 3630 602 3670 non
616 3613 683 3671 tulit
696 3611 776 3688 seris
787 3620 882 3671 astus.
941 3622 945 3629 ‘
