2450 4009
399 343 478 405 Lm.
493 344 552 403 111.
568 343 662 404 Fun.
675 346 733 405 VI.

100 488 142 548 Et
157 486 257 549 verbis
269 486 345 549 favet
357 487 420 563 ipsa
432 490 503 558 anim
525 506 707 565 egressaque
719 491 809 566 sylvis

100 582 174 650 Ibat,
187 593 221 639 ut
231 579 368 659 injiceret
378 593 493 656 sperato
506 583 625 643 brachis
636 585 722 644 callo.

100 673 155 732 Ille
167 674 257 747 fugin
278 673 463 750 fugiensque,
477 676 588 735 Manus
602 678 810 752 complexibus
825 677 921 748 aufers

99 766 191 835 Ante,
203 765 253 835 sit,
265 768 401 836 amamur,
415 778 506 843 quani
519 768 559 827 sit
571 767 624 828 tibi
637 772 722 844 copia
735 772 834 829 nostri.
888 796 893 804 ·

100 858 228 917 Rettulit
241 860 289 917 ilia
300 858 384 929 nihil,
396 860 463 929 nisi,
476 860 520 919 Sit
532 862 585 920 tibi
597 863 681 934 copia
693 861 796 921 nostri.

99 952 211 1028 Spreta
223 954 289 1011 latet
302 951 393 1011 silvis:
405 952 641 1030 'pudibundaque
652 954 805 1015 frondibus
815 973 869 1015 ora

100 1028 245 1119 Protegitz
266 1057 296 1104 et
307 1046 376 1105 solis
387 1064 425 1105 ex
438 1046 488 1106 illo
501 1046 571 1105 vivit
583 1048 611 1105 in
625 1046 725 1107 antris.

100 1133 159 1195 Sed
171 1148 270 1195 tamen
282 1140 374 1199 baeret
386 1157 480 1209 amon
500 1138 665 1217 crescitque
675 1142 775 1199 dolore
786 1144 924 1218 repulsae.

101 1226 264 1287 Attenuant
276 1216 379 1304 vigiles
392 1248 500 1304 corpus
512 1229 678 1290 miserabile
691 1250 783 1291 curaes

101 1319 289 1393 Adducitque
303 1334 404 1391 cutem
415 1322 535 1391 maciem
556 1323 630 1381 etin
642 1328 710 1381 aiere
723 1343 832 1383 succus

100 1410 241 1486 Corporis
252 1410 349 1471 omnis
363 1414 429 1472 abit.
450 1414 519 1473 Vox
534 1426 659 1485 tanturn,
672 1426 760 1492 atque
771 1437 838 1477 ossa
846 1430 1013 1492 supersunt.

101 1503 168 1560 Vox
182 1514 294 1561 manet.
313 1504 391 1562 Ossa
405 1508 503 1565 ferunt
512 1509 617 1581 lapidis
628 1508 752 1566 traxisse
765 1509 904 1583 figuram.

77 1617 85 1625 ’
103 1592 189 1674 [Inde
202 1598 275 1652 latet
288 1593 380 1649 silvia
399 1599 538 1667 nulloque
551 1596 581 1649 in
596 1609 696 1652 monte
705 1599 829 1666 videtum

101 1687 249 1749 Omnibus
262 1684 388 1746 auditur.
410 1684 508 1745 Sonus
520 1696 573 1755 est,
586 1686 639 1761 qui
649 1685 718 1746 sivit
730 1687 759 1749 in
771 1687 848 1771 ilia-J

319 1940 476 1999 Narcissus
488 1941 518 1997 in
532 1941 653 1999 Florem.
674 1960 746 2001 usu.
760 1962 805 2003 vt.

138 2062 195 2120 Suc
210 2060 295 2130 hanc,
308 2060 350 2120 sic
364 2063 443 2133 alias,
456 2063 543 2125 undis
556 2076 607 2125 aut
621 2065 769 2125 montibus
780 2076 867 2138 artas,

99 2154 225 2213 Luserat
237 2155 284 2211 hic
295 2159 454 2230 nympham
475 2158 516 2215 sic
529 2170 621 2217 cetus
634 2170 700 2219 ante
712 2157 821 2217 viriles.
833 2193 837 2202 ·

99 2246 173 2311 Inda
186 2264 292 2305 manus
304 2247 410 2323 aliquis
424 2252 579 2325 despectus
592 2254 628 2309 ad
641 2254 753 2310 aethera
762 2254 877 2320 tollens,
970 2274 976 2285 ·

100 2336 149 2395 Sic
161 2349 240 2398 amet
254 2340 308 2397 iste
321 2332 400 2409 licet,
414 2341 458 2399 sic
470 2359 527 2399 non
541 2343 788 2416 potissimumum,

99 2429 236 2489 Dixerate
257 2430 381 2489 assensit
395 2432 531 2506 precibus
546 2435 729 2491 Rhamnusia
738 2430 837 2509 justis.

134 2523 214 2581 Fons
227 2535 288 2582 erat
299 2522 410 2593 illimis,
423 2524 524 2583 nitidis
537 2538 695 2603 argenteus
708 2527 803 2599 undis,

98 2614 198 2685 Quem
211 2618 307 2690 neque
321 2630 461 2691 pastores,
474 2636 570 2693 neque
581 2630 674 2694 pastae
689 2632 789 2678 monte
801 2621 922 2695 capcilae

98 2702 298 2783 Contigerant,
310 2708 423 2769 aliudve
437 2730 539 2787 pecus:
561 2730 652 2786 quem
665 2714 746 2771 nulla
758 2714 894 2784 volucris,

97 2796 162 2858 Nec
175 2799 236 2858 sera
248 2803 385 2873 turbu-ss,
397 2820 451 2861 nec
462 2806 561 2879 lapsus
574 2808 609 2861 ab
621 2806 722 2862 arbore
734 2821 844 2862 ramus.

62 2956 65 2969 ⁸
97 2889 227 2949 Gramen
241 2905 302 2951 erat
314 2894 402 2962 circa,
416 2896 495 2968 quod
507 2894 662 2967 proximus
674 2896 783 2951 humor
795 2896 898 2951 siebsta
996 2932 999 2942 .

98 2984 234 3059 Silvaque
245 2986 313 3043 Sole
327 2988 423 3045 lacurn
438 3002 560 3062 passura
573 2996 725 3059 tepescere
736 2986 825 3045 nullo.

96 3076 156 3135 Hic
166 3093 252 3151 puer,
263 3090 293 3137 et
303 3077 399 3138 studio
412 3076 534 3137 venandi
548 3080 642 3143 lassus
653 3089 683 3137 et
696 3089 781 3149 aestu,

95 3169 265 3239 Procubuiti
285 3171 448 3247 faciemque
461 3173 528 3241 luci,
544 3172 715 3246 fontemque
728 3181 856 3230 secutus.

96 3259 239 3335 Dumque
253 3259 332 3320 sitim
344 3265 444 3322 sedare
456 3266 552 3338 eupit3
575 3264 639 3325 sitis
651 3267 740 3323 altera
752 3264 853 3323 crevit.

95 3352 239 3431 Dumque
253 3355 333 3423 bibit,
345 3353 415 3414 visae
429 3368 581 3431 correptus
597 3356 728 3433 imagine
740 3356 856 3422 formae,

96 3445 174 3504 Rem
188 3447 250 3506 sine
264 3464 385 3525 corpure
398 3458 486 3507 amat:
507 3467 615 3523 corpus
629 3460 711 3523 putat
722 3468 796 3515 esse,
807 3445 886 3522 quod
895 3448 1000 3507 umbra

133 3550 186 3596 est.

86 3628 245 3706 ‚Adstupet
256 3632 319 3709 ipse
331 3631 385 3691 sibi
389 3652 398 3704 3
419 3626 561 3708 vultuque
573 3591 717 3693 immotus
729 3633 834 3690 eodem
