2450 4009
362 400 445 461 Llllr
457 400 513 459 Vl.
529 400 620 460 FAB.
636 398 726 459 vm.

75 546 175 617 Usque
188 547 258 601 adro
272 549 341 602 latet
355 536 474 602 utiliter.
496 546 562 603 Jarn
576 534 713 622 tempora
723 546 815 605 Titan

71 636 217 712 Quinque
231 656 285 711 per
297 628 455 699 autumnos
469 638 593 713 repetiti
606 642 734 697 duxerat
744 640 825 708 anni3

72 732 155 789 Cum
169 732 299 791 blandita
314 720 377 790 viro
389 722 517 799 Procne,
531 732 562 789 Si
577 733 681 808 gretia,
693 731 786 801 dixin·
812 759 819 769 ·
834 746 837 753 ’
874 756 878 765 ·

74 826 147 881 Ulla
161 824 223 882 mei
237 835 293 890 est,
308 826 357 881 vel
371 842 419 882 me
435 823 567 883 visendae
581 824 669 883 mitte
683 824 788 893 sorori3

73 916 135 975 Vel
151 934 236 973 soror
248 917 307 973 hue
319 914 429 977 veniat:
445 914 611 973 redituram
627 920 764 992 tempore
778 935 868 993 parvo
968 939 972 949 ·

74 1008 239 1067 Promittes
252 1028 366 1066 socero.
382 1010 494 1085 »Magni
509 1008 583 1069 mihi
598 1010 730 1069 numinis
742 1011 836 1069 instar

75 1102 262 1163 Germanum
273 1101 385 1161 vidisse
394 1094 492 1161 dabis.
513 1105 530 1162 J
532 1106 601 1162 ubet
615 1088 669 1163 ille
682 1104 800 1163 carinas

75 1198 109 1253 ln
124 1196 199 1254 freta
212 1196 331 1255 deduci:
346 1198 473 1271 veloque
487 1208 516 1254 et
530 1196 649 1271 remige
663 1210 768 1271 portus

77 1288 240 1363 Cecropios
255 1288 355 1357 intrat3
373 1288 529 1365 Piraeaque
544 1290 647 1350 littora
661 1289 767 1366 tangit.

78 1383 120 1439 Ut
134 1382 267 1463 primurn
283 1380 380 1441 soceri
389 1382 456 1441 data
469 1368 704 1459 comedentem
715 1384 830 1442 dextre

78 1474 227 1549 lungitun
242 1486 276 1532 et
287 1474 384 1533 fausto
394 1475 595 1535 committitur
606 1475 831 1536 omine'sermo.
857 1499 861 1505 ·

79 1568 228 1643 Coeperat,
241 1569 385 1625 adventus
401 1570 687 1637 cautum‚·mandnta‘
696 1569 813 1626 referre

80 1660 237 1737 Conjugis;
253 1671 284 1717 et
298 1662 415 1715 celeres
430 1659 533 1717 missae
549 1660 697 1734 spondere
712 1674 874 1724 recursusr‘
963 1697 967 1701 Δ

80 1752 159 1809 Ecce
174 1752 258 1811 venit
271 1770 383 1829 magno
399 1751 483 1809 dives
497 1752 664 1810 Philomela
678 1752 792 1826 para'tm

80 1844 210 1903 Divitior
221 1836 329 1903 forma:
344 1847 447 1921 quales
462 1846 565 1904 audire
581 1849 717 1904 solemus

81 1940 191 1998 Naidas
207 1952 236 1995 et
253 1940 389 2015 Dryadas
401 1939 511 1997 mediis
523 1940 664 1997 incedere
680 1939 772 1996 silvis:

8 2056 17 2092 ·.
82 2033 113 2091 Si
128 2034 218 2091 niodo
232 2033 286 2090 des
296 2030 356 2090 illis
371 2034 479 2099 cultus
492 2030 669 2106 similesque
683 2044 811 2107 paratus.

9 2146 11 2205 5
82 2126 148 2183 Nou
163 2144 253 2183 secus
268 2124 382 2183 exarsit
396 2122 686 2204 conspecta-virgine
702 2126 834 2202 Tereum

9 2218 10 2227 ³
82 2222 180 2293 Quam
194 2217 220 2273 si
231 2217 299 2292 quis
313 2217 395 2275 canis
408 2218 512 2293 ignem
526 2207 678 2293 supponat
686 2217 798 2275 aristise
872 2225 878 2240 ’
937 2216 940 2226 “

82 2315 143 2371 Aut
158 2300 303 2379 frondem,
314 2311 484 2385 positasque
500 2320 619 2367 cremet
631 2309 781 2368 foenilibus
794 2310 911 2367 herb'as.

82 2405 182 2481 Digna
194 2403 318 2479 quidem
332 2404 432 2470 facies,
446 2405 498 2461 sed
511 2414 542 2459 et
555 2405 636 2459 hunc
649 2402 750 2459 innata
762 2400 853 2457 libido

82 2496 277 2559 Exstimulat:
292 2512 480 2569 pronumque
496 2512 592 2569 genus
606 2492 782 2568 regionibus
795 2491 853 2549 illis

82 2591 116 2647 In
133 2592 286 2647 Venerem
301 2598 357 2647 est.
378 2589 401 2645 F
403 2590 497 2663 lagret
510 2584 582 2645 vitio
593 2585 753 2662 gentisque
766 2602 892 2661 suoque.

83 2684 219 2757 Impetus
232 2693 278 2739 e'st
290 2681 345 2750 itti,
358 2684 504 2739 comitum
519 2697 713 2753 corrumpere
725 2698 839 2748 curam,

82 2773 280 2848 Nutricisque
294 2774 395 2833 iidem:
409 2793 465 2832 nee
480 2792 537 2833 non
552 2772 724 2849 ingentibus
735 2772 834 2846 ipsam

84 2864 347 2934 sollicitaremus
361 2877 517 2940 totumque
532 2865 708 2937 impendere
720 2884 860 2937 regnum:

83 2961 146 3017 Aut
158 2976 274 3031 rapere,
288 2970 318 3015 et
332 2974 413 3015 saevo
427 2960 541 3029 rap'unn
557 2955 821 3011 defenderebello.

84 3051 124 3109 Et
137 3049 211 3107 nihil
225 3062 280 3115 est,
295 3050 374 3125 quod
384 3052 446 3106 ‘non
461 3048 577 3105 effreno
592 3058 695 3127 captus
710 3063 812 3105 amore

82 3142 182 3211 Arsin
196 3160 252 3201 nee
268 3142 389 3217 capiunt
402 3142 532 3199 inclusus
546 3152 667 3215 pectora
677 3140 825 3221 flammas.

82 3236 210 3311 Jamque
224 3254 324 3293 moras
338 3238 416 3293 male
431 3234 500 3297 fert:
512 3222 685 3310 cupidoque
697 3232 859 3293 revertitur
870 3254 923 3293 ore
945 3235 949 3247 '

83 3332 133 3387 Ad
145 3330 283 3385 mandata
297 3328 441 3392 Procnes;
456 3339 487 3384 et
498 3326 558 3401 agit
574 3346 628 3384 sua
641 3340 708 3385 rota
720 3331 774 3385 sub
788 3326 858 3385 illis.

83 3424 252 3477 Facundum
256 3422 387 3491 faciebat
400 3437 493 3474 arnor:
508 3418 688 3496 quotiesque
701 3423 826 3495 rogabat

84 3512 222 3571 Ulterius
235 3514 326 3589 just03
344 3514 478 3571 Procnen
492 3510 534 3567 ita
548 3513 625 3570 velle
639 3513 760 3570 ferebat.

23 3682 24 3685 Ἴ
85 3606 211 3665 Addidit
223 3618 254 3662 et
266 3608 423 3681 lacrymam
439 3616 577 3678 tanquam
593 3605 765 3663 mandasset
777 3616 809 3663 et
821 3603 898 3661 illas.
975 3594 980 3600 ⁴
1007 3617 1009 3622 ·

24 3738 26 3781 3
85 3698 164 3769 Prole
177 3702 287 3768 nuperi,
303 3704 438 3770 quantum
454 3700 583 3754 mortalia
592 3707 715 3769 [rectore
730 3716 804 3753 caecae
951 3700 954 3705 ’
