2450 4009
180 391 228 463 aa
496 348 803 449 Maeandria:

177 530 302 609 Excipit
315 534 440 591 Uranie:
456 532 659 609 Quaecunque
673 546 721 591 eat
730 548 822 594 causa
834 533 952 595 videndi

177 630 243 687 Has
258 628 320 698 tibi,
335 628 420 698 Diva,
434 628 550 696 domna
564 627 666 687 animo
677 627 852 705 gratissima
862 642 964 694 nostro
975 635 1017 689 es.

177 721 262 779 Vera
271 734 373 781 tamen
388 720 468 779 fama
481 735 536 779 est:
550 734 582 779 et
592 723 728 797 Pegasus
743 723 833 801 hujus
847 719 948 801 origo‘

172 815 290 881 Pontis.
314 818 353 875 Et
365 817 400 873 ad
413 815 518 873 latices
530 816 654 875 deducit
670 819 788 878 Pallada
802 836 912 875 sacros.
948 891 954 899 .

176 909 254 981 Quae
271 910 377 967 mirata
388 910 439 967 diu
452 909 542 967 factas
557 910 645 983 pedis
657 909 766 968 ictibus
780 910 896 978 undas,

175 1003 325 1061 Silvarum
338 1006 423 1061 lucos
437 1001 647 1077 circumspicit
659 1002 862 1077 antiquarum;

175 1098 342 1169 Antraque,
356 1107 387 1151 et
398 1092 565 1165 innumeris
577 1092 733 1151 distinctas
748 1092 872 1151 floribus
883 1092 1001 1149 herbas:

174 1189 354 1263 Felicesque
369 1198 456 1245 vocat
469 1184 579 1260 pariter
594 1185 747 1262 studiique
758 1186 878 1261 locique

90 1340 92 1343 .
173 1281 396 1351 Mnemonidas.
417 1279 517 1352 Quam
533 1279 577 1337 sic
590 1281 678 1338 affata
689 1294 806 1339 estune
820 1296 969 1339 sororum:

173 1374 213 1443 O,
226 1374 285 1435 uisi
298 1388 327 1431 te
341 1373 435 1438 virtus
449 1392 542 1448 opera
556 1376 591 1431 ad
605 1374 720 1451 majora
731 1374 865 1441 tulisset,
948 1361 951 1364 Χ

173 1468 209 1525 In
219 1480 338 1541 partem
353 1478 477 1523 ventura
490 1464 576 1523 chori
588 1465 728 1524 Tritonia
740 1461 845 1532 nostri,

172 1561 255 1619 Vera
268 1561 377 1619 refers:
392 1558 562 1633 meritoque
577 1562 682 1635 probas
696 1571 838 1633 artesque
852 1559 1027 1630 locumque:

173 1654 214 1713 Et
225 1665 342 1730 gratam
355 1663 479 1723 sortem,
492 1664 565 1711 tutae
580 1653 671 1709 modo
686 1654 792 1718 simus,
806 1652 961 1708 habemus.

172 1746 234 1803 Sed
245 1744 380 1822 (vetitum
394 1756 437 1798 aar
449 1747 519 1799 adeo
530 1749 632 1799 sceleri
642 1746 732 1821 nihil)
742 1741 844 1801 omnia
857 1750 972 1801 terrent
1044 1807 1047 1812 Α

172 1838 336 1915 virgineas
351 1850 480 1895 mentes:
494 1836 644 1913 dirusque·
653 1830 787 1895 ante'ora
800 1837 955 1911 Pyreneus

172 1931 323 1998 Verritum
338 1944 368 1990 et
380 1931 514 1987 nondum
529 1948 579 1989 me
594 1941 656 1988 tota
666 1940 768 1987 mente
786 1929 909 2005 recepil

113 2033 118 2039 '
172 2024 282 2081 Daulia
294 2022 441 2080 Threicio
454 2024 634 2096 Phoceaque
644 2020 741 2081 milite
756 2041 826 2080 rura

172 2114 304 2188 Ceperat
315 2113 365 2171 ille
378 2112 471 2179 ferox,
485 2113 659 2188 injustaque
674 2132 766 2189 regua
780 2117 907 2173 tenebat.

172 2208 304 2281 Templa
314 2206 492 2281 petebamus
505 2204 671 2263 Parnassia.
692 2205 778 2263 Vidit
790 2217 905 2264 euntes:

173 2302 344 2375 Nostraque
357 2298 456 2357 fallaci
470 2314 631 2357 veneratus
644 2299 768 2359 numina
782 2302 877 2368 cultu,

173 2393 399 2463 Mnemonides,
413 2390 573 2469 (cogndrat
587 2390 687 2470 enim)
701 2392 866 2462 consistite,
881 2392 970 2452 dixit:
1065 2448 1071 2455 .

173 2488 242 2545 Nec
256 2484 396 2555 dubitate,
407 2504 525 2559 precor,
539 2496 621 2544 teoto
636 2503 727 2562 grave
742 2484 836 2555 sidus,
850 2500 880 2544 et
890 2487 1017 2547 imbrem

140 2578 142 2585 ’
174 2580 291 2657 (Imber
305 2578 382 2654 erat')
398 2578 491 2635 vitare
505 2590 584 2635 meo:
602 2577 721 2635 subiere
733 2578 867 2660 minores
938 2595 941 2599 ·

173 2672 263 2746 Saepe
277 2688 360 2725 casas
374 2668 491 2741 Superi.
513 2666 611 2725 Dictis
625 2681 656 2725 et
669 2681 908 2741 temporemotae
922 2671 924 2674 ’

173 2763 408 2835 Annuimusque
424 2758 499 2827 viro,
512 2760 685 2835 primasque
698 2760 874 2819 intravimus
888 2760 979 2819 aedes.
1044 2826 1052 2843 Ι

174 2856 335 2915 Desierant
348 2853 471 2923 imbres;
487 2852 628 2928 victoque
644 2852 844 2929 Aquilonibus
858 2858 981 2925 Austro,

123 2942 126 2951 ’
172 2952 271 3010 Fusca
284 2960 445 3025 repurgato
458 2946 611 3025 fugiebant
630 2948 733 3006 nubila
746 2949 833 3006 coelo.

173 3044 311 3115 Impetus
321 3040 365 3097 ire
378 3039 443 3097 fuit:
459 3041 571 3098 claudit
587 3059 641 3098 sua
655 3052 734 3099 tecta
747 3039 909 3115 Pyreneus:

110 3144 113 3156 ·
173 3132 309 3207 Vimque
322 3140 415 3204 parat:
431 3148 522 3204 quam
537 3150 591 3189 nos
608 3131 738 3206 sumptis
752 3132 918 3207 effugimus
930 3129 994 3189 alis.
1031 3200 1043 3209 ,

173 3228 244 3302 Ipse
257 3234 399 3282 secuturo
412 3220 522 3279 similis
537 3222 619 3281 stetit
630 3223 742 3282 arduus
751 3242 830 3280 arce:

172 3320 303 3392 Quaque
316 3314 363 3373 via
375 3326 422 3371 est
435 3312 526 3381 vobis,
540 3314 598 3372 erit
610 3327 640 3372 et
655 3314 740 3383 mihi,
751 3311 839 3383 dixit,
852 3320 972 3386 eadem,

175 3411 274 3484 Seque
284 3407 358 3485 jacit
372 3424 477 3464 vecors
485 3426 507 3481 ve
521 3402 651 3467 summae
661 3408 792 3467 culmine
808 3409 909 3467 turris:
987 3428 989 3434 ·

98 3490 106 3501 ¹
175 3502 216 3559 Et
229 3500 309 3559 cadit
321 3500 350 3557 in
367 3502 477 3567 vultus,
492 3498 697 3576 discussisque
710 3503 827 3560 ossibus
839 3502 899 3559 oris
921 3519 924 3524 ’

173 3592 291 3652 Tundit
305 3594 430 3655 humum
444 3592 576 3651 morlens
593 3581 737 3655 scelerato
749 3594 894 3671 sanguine
909 3595 1041 3654 tinctam.
