2450 4009
180 348 250 421 tua
488 346 783 423 trutanniam.

69 538 75 555 ,
175 492 308 571 Crimen.
330 493 369 550 Et
381 492 520 557 ostendit,
535 494 614 568 quod
626 494 657 569 ja
670 493 685 548 ι’.
703 492 1017 566 praefoderanaurum.
1090 532 1096 538 »
1198 477 1212 578 ¹¹

174 584 260 657 Ergo
274 593 324 641 aut
337 583 428 643 exilio
441 584 522 641 vires
535 584 678 642 subduxit
694 584 827 654 Achivis,
921 587 957 631 f.

141 676 146 689 “
174 677 239 733 Aut
250 676 334 733 nece.
356 674 406 732 Sic
421 688 544 751 pugnat,
560 675 602 733 sic
616 689 665 733 est
679 678 859 734 metuendus
873 679 1010 752 Ulysses.

173 768 244 839 Qui,
259 768 329 826 licet
343 768 462 844 eloquio
476 768 570 827 lidum
584 786 703 845 quoque
718 771 846 827 Nestora
858 769 965 837 vincat,

172 860 263 921 Haud
278 873 375 917 tamen
388 860 507 926 efficiet,
522 861 677 919 desertum
690 873 723 918 ut
738 862 869 917 Nestora
881 863 997 936 crimen

133 950 136 956 '
172 936 250 1010 Esse
265 970 331 1010 rear
343 956 469 1014 nullum
492 952 564 1024 Qui,
578 972 648 1009 cum
659 952 835 1025 imploraret
850 954 993 1026 Ulyssen,

170 1044 310 1112 Vulnere
323 1045 426 1101 tardus
438 1043 519 1119 equi,
531 1044 688 1118 lassusque
702 1043 846 1100 senilibus
858 1043 953 1110 annis,

172 1134 312 1193 Proditus
327 1154 344 1191 a
358 1136 437 1191 socio
449 1147 503 1192 est.
525 1136 593 1191 Non
607 1136 674 1193 haec
685 1134 761 1194 milri
775 1135 903 1192 crimina
915 1133 990 1211 fingi
1012 1170 1016 1175 -

172 1225 238 1283 Scit
251 1228 328 1285 bena
342 1226 486 1301 Tydides:
500 1225 552 1302 qui
566 1227 687 1286 nomine
700 1246 783 1301 saepe
797 1241 935 1286 vocatum

171 1318 336 1392 Corripuit;
351 1319 526 1395 trepidoque
541 1320 646 1395 sugam
660 1321 851 1393 exprobravit
860 1320 968 1377 amico.
983 1385 987 1392 ¹

170 1408 354 1485 Adspiciunt
367 1412 464 1467 oculis
478 1410 736 1487 Superi-mortalia
747 1410 846 1488 justis.
866 1425 877 1443 ³

171 1502 218 1561 En
232 1518 304 1577 eget
318 1502 439 1577 auailio,
451 1502 503 1578 qui
516 1521 573 1561 non
588 1503 668 1560 tulit:
682 1514 774 1579 utque
789 1502 920 1577 reliquit,
968 1571 972 1577 Δ

172 1594 223 1651 sic
236 1595 415 1671 linquendus
428 1606 500 1653 erat.
524 1593 711 1667 Legemsibi
725 1596 842 1652 dixerat
855 1593 933 1667 ipse.

171 1686 346 1759 Conclamat
358 1686 463 1743 socios.
484 1687 613 1755 Adsum3
630 1685 775 1761 videoque
791 1699 982 1753 trementem,-

170 1778 397 1853 Pallentemque
410 1792 503 1843 metu,
516 1796 551 1834 ac
565 1776 766 1851 trepidantem
778 1789 875 1833 morte
887 1777 993 1833 lutura.

137 1942 140 1949 ,
171 1870 311 1946 Opposui
323 1874 434 1927 molem
448 1870 555 1944 clypei;
569 1868 690 1943 texique
704 1868 867 1944 jacentem

116 1958 118 1967 ‘
171 1962 354 2037 servavique
370 1960 499 2021 animam
510 1960 685 2038 (minimum
700 1973 748 2018 est
759 1963 814 2018 hoc
825 1958 955 2035 laudis)
947 1951 1108 2063 inertem„

172 2056 203 2112 Si
218 2066 333 2127 perstas
346 2066 472 2117 certare,
487 2054 586 2109 locum
600 2050 779 2111 redeamus
771 2069 802 2107 in
815 2052 910 2109 ittam:

171 2146 277 2205 Redde
291 2146 416 2206 hostem,
429 2146 594 2217 vulnusque
608 2156 706 2211 tuum,
720 2143 902 2217 solitumque
914 2143 1064 2201 timorem:

170 2240 243 2297 Post
252 2238 455 2311 clypeumque
470 2236 538 2291 latet
553 2248 582 2291 et
595 2250 719 2291 mecum
731 2236 877 2292 contende
890 2237 945 2292 suh
957 2234 1019 2293 iilo.
1089 2241 1095 2247 “

170 2332 214 2389 At
225 2339 379 2403 postquam
393 2326 500 2400 eripui;
514 2325 564 2383 cui
579 2324 675 2383 standi
689 2329 813 2383 vulnera
826 2328 906 2387 vires
965 2333 969 2335 ’

64 2410 67 2415 ’
170 2423 241 2481 Non
254 2422 406 2486 dederant,
419 2421 501 2475 nullo
513 2421 644 2476 tardatus
656 2420 780 2476 vulnere
792 2417 880 2494 fugit.

150 2564 153 2571 .
170 2514 287 2573 Hector
301 2514 394 2597 adeste
411 2527 577 2587 secumque
592 2511 693 2569 Deos
686 2528 716 2567 in
729 2510 835 2585 praelia
847 2508 940 2569 ducit·

170 2606 298 2691 Quaque
313 2602 383 2669 ruit,
396 2621 455 2659 non
468 2616 500 2659 tu
514 2616 629 2661 tantum
642 2602 774 2668 terreris,
789 2605 909 2677 Ulysse;

127 2691 131 2695 ’
170 2696 231 2753 Sed
246 2684 337 2751 fortes
350 2692 449 2751 etiam.
463 2704 579 2753 tanturn
590 2694 679 2751 trahit
693 2694 745 2749 ille
760 2692 887 2749 timoris

170 2788 261 2846 Hunc
274 2803 332 2860 ego
344 2782 518 2859 sanguineas
532 2800 678 2841 successu
691 2782 783 2842 caedis
795 2796 933 2843 ovantem

170 2878 316 2939 Cominus
329 2875 445 2953 ingenti
459 2875 634 2951 resupinum
648 2877 780 2951 pondere
794 2876 865 2936 ludi.

169 2972 262 3029 Hunc
277 2964 340 3045 ego'
349 2982 531 3043 poscentem,
542 2988 617 3045 cum
629 2988 689 3046 quo
702 2984 905 3035 concurreret,
916 2988 996 3029 unns

170 3060 316 3121 Sustinui:
333 3072 503 3135 sortemque
519 3080 620 3118 meam
633 3060 763 3127 vovistis,
778 3060 900 3118 Achivis
943 3092 953 3109 ·

169 3154 210 3213 Et
223 3150 463 3234 vestraeyaluere
476 3168 590 3224 preces.
613 3152 645 3206 Si
657 3151 793 3225 queritis
809 3153 900 3228 liujus

167 3247 332 3305 Fortunam
343 3260 465 3318 pugnax
479 3260 536 3298 non
550 3260 619 3301 sum
633 3257 791 3315 superatus
803 3245 840 3300 ab
854 3244 916 3302 illo.

137 3373 141 3392 ι
168 3340 251 3397 Eece
265 3334 366 3391 lerunt
382 3320 479 3391 Trois
490 3332 678 3409 ferrumque,
691 3332 865 3411 ignemque,
877 3338 1041 3413 lovemque
1103 3325 1107 3333 ’

169 3430 205 3487 In
220 3429 335 3483 Danaas
344 3429 463 3485 classes.
486 3425 544 3483 Ubi
557 3444 636 3483 nunc
647 3426 792 3485 facundus
805 3427 943 3500 Ulyssesl

169 3520 291 3591 Nempe
306 3536 364 3591 ego
377 3516 462 3575 mille
471 3534 540 3573 mco
553 3518 671 3587 protexi
685 3533 807 3592 pectore
817 3534 942 3593 puppes,
1018 3547 1021 3554 =

167 3610 262 3685 Spem
272 3608 365 3669 vestri
376 3608 499 3688 reditus.
518 3610 597 3669 Date
611 3621 654 3669 tot
667 3619 723 3686 pto
734 3610 858 3669 naribus
870 3623 962 3669 arma
