2450 4009
180 393 228 461 35
384 422 386 427 -
491 360 785 449 maranorum
878 454 884 458 ,
974 410 978 413 -

179 528 469 607 Ρετῖυάἱτ·1ᾳεῐγῑηίε,
483 544 512 591 et
525 532 627 608 aperto
638 535 755 609 pectore
767 532 849 591 levit.
919 547 924 550 ·
983 534 987 539 “

137 637 141 641 ’
177 624 244 681 Nec
258 622 356 684 minus
369 623 509 683 Heliades
521 626 617 695 fleme,
631 639 661 684 et
673 626 767 705 inania
780 626 869 683 morti

178 702 319 786 Munera,
326 716 397 775 dant
406 718 563 794 lacrymam
583 730 612 779 et
624 736 711 783 oaesae
725 730 844 793 pectora
855 718 962 793 palmis
1066 708 1069 711 ⁴

177 810 209 869 N
210 827 248 866 on
259 810 430 869 auditurum
443 810 561 869 miseris
574 814 756 870 Phaethonta
764 807 903 886 ¹querelas

176 902 272 961 Nocte
283 900 391 981 dieque
404 914 516 969 vocant3
537 904 799 977 adsternunturque
809 905 954 977 sepulcro.

108 1042 114 1060 ,
176 992 262 1053 Luna
274 1005 377 1069 quater
386 993 497 1071 junctis
510 990 649 1067 implerat
658 994 798 1051 *comibus
810 996 923 1050 orbem:
949 992 972 1040 «Γ

177 1087 241 1145 Illae
253 1104 336 1143 more
350 1102 403 1143 suo
417 1086 501 1161 (nam
515 1076 631 1143 morem
644 1084 753 1143 fecerat
767 1083 855 1161 usus)

117 1246 118 1249 Ἴ
176 1178 353 1253 Plangerem
364 1178 513 1243 dederant
533 1194 550 1232 e
564 1177 633 1249 quis
647 1177 813 1244 Phaethusa
822 1191 962 1242 ¹aetorum

176 1268 312 1327 Maxima
325 1286 395 1327 cum
409 1268 497 1326 vellet
510 1277 597 1327 terrae
610 1272 813 1344 procumbere,
825 1281 931 1343 questa
941 1277 987 1328 est

97 1373 104 1380 ‘
176 1360 345 1437 Diriguisse
358 1362 459 1435 pedes:
481 1361 518 1417 ad
531 1376 621 1435 quam
634 1371 736 1419 conata
748 1359 848 1418 venire
888 1361 889 1365 ’

177 1453 309 1513 Candida
322 1454 487 1527 Lampetie,
501 1454 593 1511 subita
606 1455 702 1514 radice
716 1463 829 1511 retenta
841 1463 896 1511 eat.

127 1540 129 1548 '
177 1546 287 1617 Tertia,
300 1564 371 1624 cum
383 1544 496 1604 crinem
507 1543 642 1605 manibus
656 1548 764 1605 laniare
777 1555 903 1621 pararet,
1090 1565 1093 1569 ·

176 1641 286 1697 Avellit
298 1638 426 1697 frondes.
448 1638 524 1697 Haec
539 1638 637 1713 stipite
650 1658 736 1699 crura
748 1636 851 1706 teneti,
1000 1629 1003 1635 ¹

156 1724 230 1791 'illa
242 1733 319 1792 dolet
333 1730 395 1789 fieri
409 1732 512 1805 longos
526 1750 580 1789 sua
592 1734 711 1791 brachia
724 1751 830 1789 ramos.

175 1824 321 1899 Dumque
334 1843 368 1882 ea
380 1824 535 1891 mirantum
555 1823 763 1899 complectitur
776 1822 897 1897 inguina
908 1831 1021 1882 cortexz
1109 1815 1119 1825 “
1219 1816 1221 1824 ’

177 1918 294 1994 Perque
306 1918 415 1995 gradus
426 1926 554 1987 uterum,
574 1913 748 1991 pectusque,
764 1915 972 1990 humerosque,
986 1931 1105 1978 manus·

158 2064 162 2071 .
194 2029 283 2093 Ι(Ῑιιε,
310 2016 314 2021 ‘
414 2002 415 2007 ἵ
683 2023 685 2029 ’
837 2087 839 2091 Α

177 2100 293 2161 Ambit:
314 2111 344 2160 et
358 2102 508 2176 exstabant
519 2111 633 2159 tantum
646 2120 697 2159 ora
706 2103 838 2160 vocantia
851 2112 987 2158 matrem.

178 2191 259 2266 Quid
270 2182 471 2253 laciatmatcr?
494 2192 561 2259 nisi,
574 2212 633 2267 quo
644 2194 732 2251 trahit
744 2192 874 2267 impetus
888 2193 980 2259 illam,
1022 2178 1039 2266 J

177 2286 248 2344 Hu'c
260 2295 315 2354 eat,
326 2297 417 2361 atque
428 2284 512 2345 illue?
532 2297 572 2353 et,
583 2286 657 2343 dum
671 2286 747 2353 lieet,
757 2285 856 2341 oscula
867 2280 985 2360 jungat?

7 2372 8 2415 2
99 2456 105 2469 Ι
151 2432 152 2435 ,
178 2380 248 2437 Non
260 2379 329 2437 satis
343 2391 396 2437 est.
417 2375 545 2437 Truncis
559 2378 685 2443 avellere
699 2393 824 2451 corpora·
834 2386 937 2443 tentat,

176 2470 219 2530 Et
228 2482 342 2531 teneros
353 2471 487 2528 manibus
500 2488 597 2527 ramos
607 2471 793 2543 abrumpere:
813 2467 924 2525 atinde

179 2561 355 2635 Sanguinem
370 2573 496 2627 manant,
510 2572 649 2633 tanquam
661 2562 697 2616 de
711 2561 841 2627 vulnere,
851 2569 954 2633 guttae.
978 2556 981 2559 ’
1002 2596 1005 2601 -

176 2654 278 2719 Parce,
292 2668 405 2725 precor,
417 2663 520 2717 mater,
533 2667 719 2724 quaecunque
733 2660 779 2706 est
789 2647 898 2715 saucia,
910 2650 1028 2705 clamat:

179 2746 280 2812 Parce,
293 2760 406 2818 precor.
427 2748 560 2799 nostium
575 2742 699 2799 laniatur
711 2742 740 2799 in
754 2741 855 2799 arbore
868 2758 987 2815 corpus,

179 2839 307 2912 Jamque
322 2838 392 2893 vale.
413 2837 523 2893 Cortex
537 2834 566 2891 in
581 2835 667 2892 verba
673 2834 837 2891 .novissima
848 2832 935 2892 venit.

180 2930 251 2987 Inde
265 2927 362 2986 fluunt
373 2930 524 3002 lacrymae3
545 2927 708 3002 stillataque
723 2928 783 2993 soie
797 2927 949 3001 rigescunt

180 3018 229 3075 De
240 3020 331 3075 ramis
344 3020 453 3075 electra
461 3018 555 3086 novis;
576 3037 644 3092 quae
658 3019 772 3098 lucidus
785 3017 880 3075 amnis
1074 2988 1112 3088 ii·-

181 3109 311 3191 Excipit,
324 3119 353 3166 et
365 3108 487 3167 nuribus
500 3108 589 3165 mittit
601 3111 740 3184 gestanda
753 3106 875 3167 Latinis.
1096 3087 1108 3107 “

417 3358 529 3431 cycnm
541 3364 572 3416 in
586 3363 687 3416 Auem.
708 3380 781 3419 rna.
795 3381 849 3419 111.
930 3359 935 3371 ⁸

192 3488 201 3496 ”
219 3481 352 3539 Aprum
366 3481 437 3541 huic
449 3493 580 3539 monstro
595 3485 691 3556 proles
704 3483 875 3540 Stheneleia
885 3481 1012 3554 Cycnus,

181 3572 243 3653 Qui
256 3570 305 3628 tibi
317 3584 448 3630 materno
461 3575 596 3647 quatruvio
607 3594 625 3631 a
634 3575 777 3650 sanguine
788 3574 917 3651 junctus,

151 3672 153 3675 ·
182 3663 286 3721 Mente
299 3673 408 3733 tamen,
422 3666 584 3736 Phaethon,
597 3664 717 3741 propior
729 3666 791 3724 luit.
812 3664 865 3721 Ille
873 3661 980 3722 relicto
1034 3677 1038 3697 ¹
