2450 4009
430 372 510 431 ms.
523 372 599 431 vn.
612 372 706 433 ras.
717 373 742 432 1.
977 378 1046 453 105
1082 335 1087 343 .

111 518 223 605 Quam,
235 516 293 577 nisi
304 518 463 587 crudelem,
475 534 532 588 non
544 530 646 593 tangat
660 518 774 579 [monis
786 528 869 589 attus,

5 588 17 727 i
111 612 153 671 Et
166 620 272 689 genus,
286 623 315 671 et
327 608 432 671 vinus?
446 630 536 687 quarn
551 628 619 678 non,
633 623 666 669 ut
678 623 786 670 caetera
797 612 903 683 desini,

111 704 223 765 Forma
236 722 355 763 movere
367 702 475 780 potest?
490 717 569 763 certe
582 724 650 765 mea
662 716 784 779 pectora
796 704 899 765 morit.

112 800 165 866 At,
179 798 235 856 nisi
245 816 333 874 opem
346 801 451 867 tulero,
466 811 619 857 taurorum
632 793 776 857 uidebitur
786 816 851 856 ore:

112 892 338 966 concurretque
352 908 418 951 suae
430 890 527 969 segeti
539 892 644 950 tellure
657 890 766 950 creatis

113 984 268 1043 Hostibus:
278 996 328 1044 aut
341 984 425 1044 avido
439 984 556 1045 dabitur
567 984 630 1045 sera
641 986 742 1059 praeda
752 985 882 1045 draconi,

65 1100 71 1115 ,
114 1077 183 1135 Hoc
197 1096 254 1153 ego
268 1076 293 1134 si
308 1067 411 1154 purior,
425 1090 491 1137 tum
505 1080 602 1137 me'de
615 1076 722 1153 tigride
732 1088 842 1149 narum,

115 1170 199 1229 Tum
214 1170 326 1229 serrum
339 1182 369 1229 et
382 1172 520 1246 scopulos
533 1182 648 1245 gestare
661 1171 691 1231 in
705 1172 794 1229 corde
809 1168 928 1229 brebor.

115 1264 180 1321 Cur
188 1282 246 1321 non
256 1275 289 1322 et
301 1276 402 1338 specto
413 1262 598 1338 pereuntem?
612 1264 774 1337 oculosque
786 1261 912 1323 videndo

115 1356 307 1416 Conscelero?
319 1376 375 1416 cur
385 1376 442 1417 non
455 1370 555 1417 lauros
567 1358 708 1415 exhortor
718 1356 749 1413 io
761 1354 860 1425 illum,

117 1449 355 1527 Terrigenasque
369 1450 457 1521 leros,
469 1449 695 1527 insopitumque
704 1447 876 1509 dmcooom?

117 1542 159 1600 Di
171 1541 294 1602 meliora
307 1543 405 1602 velint·
425 1545 606 1619 Quanquam
618 1560 679 1601 nou
691 1541 748 1601 istu
760 1542 916 1617 prectrude,

117 1636 176 1695 Sed
189 1636 321 1695 faciendo
332 1634 419 1694 mihi.
439 1636 604 1695 Pmdamne
617 1651 782 1709 egoregns
791 1633 930 1708 parentis,
949 1672 959 1679 -

117 1730 219 1805 Atque
232 1747 290 1804 ope
304 1730 403 1787 nescio
417 1728 485 1803 quis
491 1724 658 1787 'servabitur
670 1727 778 1785 advene
790 1736 898 1796 nootm,
1076 1721 1079 1734 ⁴

116 1822 161 1880 Ut
172 1840 226 1896 per
239 1840 288 1881 me
304 1838 405 1897 sospes
417 1823 478 1881 sine
493 1838 542 1881 me
558 1820 606 1879 det
618 1818 709 1879 lintea
721 1819 826 1888 renus,

117 1913 233 1989 Virque
247 1913 285 1973 sit
298 1912 426 1973 alterium
442 1931 538 1989 poenae
555 1912 665 1971 Medea
677 1907 842 1985 relinquar?

118 2004 148 2064 Si
161 2008 258 2065 lacere
270 2008 336 2074 hoc,
349 2005 473 2065 aliamve
485 2016 582 2081 potest
594 2020 769 2079 praeponere
781 2001 880 2084 uobis,

118 2098 243 2157 Occidet
253 2100 395 2175 ingratus.
417 2100 476 2157 Sed
490 2115 548 2157 non
563 2098 589 2156 is
602 2100 700 2156 vultus
710 2094 741 2154 in
754 2094 816 2164 illo,

117 2192 186 2249 Non
202 2212 236 2249 ea
247 2192 381 2268 nobilitas
394 2190 494 2251 animo
506 2202 561 2259 est,
574 2210 611 2250 es
621 2189 718 2267 grstia
729 2188 846 2259 [ΝΜ

117 2285 160 2342 Ur
170 2284 293 2343 timeam
304 2283 448 2352 fraudem,
457 2284 620 2359 merurqne
629 2282 739 2343 obliuia
748 2282 851 2345 muri.

118 2376 159 2434 Et
170 2374 250 2433 dabit
264 2392 329 2435 ante
342 2376 444 2435 iidemu
458 2394 623 2451 cogamque
636 2376 664 2431 iu
679 2372 787 2434 hoen
797 2383 890 2435 tastu

118 2468 194 2526 Esse
209 2468 301 2527 Deos.
323 2468 402 2540 Quid
417 2464 591 2527 lutationes?
606 2465 776 2539 accingerer
790 2477 821 2525 st
831 2480 956 2527 emm

118 2560 201 2619 Pelle
215 2580 344 2619 moram.
365 2562 435 2621 Tibi
450 2580 482 2621 se
496 2576 617 2633 semper
628 2553 745 2620 debebit
757 2558 858 2625 lfflls

120 2651 167 2710 'l'e
183 2651 245 2711 lace
255 2654 366 2711 solenni
377 2652 482 2732 junget
494 2652 562 2711 sibi:
575 2668 689 2727 perque
699 2650 840 2727 Pelasgas
875 2692 879 2696 «

121 2743 268 2803 servatrix
281 2750 368 2805 urbes
380 2760 512 2807 matrum
525 2747 712 2805 celebrabere
723 2748 816 2805 turba.

120 2834 203 2913 Ergo
216 2856 273 2914 ego
284 2858 468 2916 germanam,
480 2840 670 2913 irarmurque,
682 2849 868 2913 patremque,
880 2837 1031 2913 Dm

121 2930 162 2987 Et
172 2934 265 3009 natale
279 2934 376 2991 solum
391 2932 485 2989 ventis
498 2934 591 2991 ablata
605 2926 782 3002 relinquam?

12 3006 19 3019 ’
121 3022 242 3098 Nempe
254 3037 337 3098 pater
350 3040 459 3093 saevus,
471 3040 592 3095 mempe
606 3033 652 3081 est
667 3040 735 3081 mes
746 3023 867 3083 barbara
881 3021 979 3095 edus,

99 3178 105 3185 ,
121 3117 224 3176 Frater
235 3119 329 3177 adhuc
342 3115 447 3177 infensa
463 3128 539 3181 stant
552 3132 673 3190 mesum
686 3126 754 3177 rora
765 3114 885 3177 sororis.

122 3215 276 3273 Maximus
291 3213 365 3269 intra
376 3230 428 3269 mo
442 3211 526 3271 Deua
539 3222 593 3269 est.
615 3210 684 3267 Non
699 3226 808 3286 mgna
821 3206 1000 3284 relinquam?

121 3307 234 3383 Magna
245 3303 495 3381 sequere-titulum
508 3316 630 3363 senarae
645 3302 729 3378 pubis
744 3303 889 3371 Achivae,-

121 3396 327 3475 Notiriamque
337 3398 392 3457 loci
407 3392 546 3463 melioris,
560 3410 590 3455 er
602 3396 720 3471 oppida,
735 3412 865 3471 quorum

121 3492 182 3551 Hic
196 3510 317 3568 quoque
331 3492 410 3549 soma
424 3488 515 3564 viget,
527 3493 693 3565 cultusque,
706 3502 845 3563 artesque
857 3485 998 3546 virorumr
1041 3490 1049 3552 ζ

121 3588 281 3661 Quemque
294 3605 351 3661 ego
364 3602 434 3643 cum
448 3585 545 3651 rebus,
558 3602 632 3657 quas
642 3596 722 3641 totus
734 3582 862 3656 possidet
873 3580 961 3650 orbis,

122 3681 281 3739 AEsoniden
294 3682 427 3741 munisse
439 3676 539 3739 velini:
554 3696 616 3752 qua
625 3673 757 3757 conjuge
770 3673 841 3735 isliu
