2450 4009
428 352 508 413 us.
523 354 564 412 11.
584 352 676 414 sss.
691 356 717 437 ι,
991 361 1038 431 st

109 496 198 569 Quod
212 494 304 557 simul
317 513 351 555 sc
365 514 499 565 sensere,
513 510 615 567 ruunt,
628 498 792 575 tritumque
802 498 976 579 relinquunt
1026 567 1031 579 ,

109 588 294 666 Qusdnjugi
306 588 444 663 spatium
459 590 532 658 nec,
544 610 605 666 quo
616 591 710 667 prius,
720 592 824 651 ordine
838 607 971 655 currunt.

111 684 179 757 Ipse
195 692 296 756 pavet3
317 698 445 758 necque
457 682 745 743 commissssflectet
757 686 895 755 habenas,

110 774 177 831 Nec
192 772 258 840 seit,
270 790 329 847 qus
343 772 380 832 sit
394 773 463 831 iter.
484 792 541 831 nec
552 773 579 833 si
593 774 678 842 sciet,
690 775 822 851 imperet
833 775 902 835 illis.

112 865 196 923 Tum
210 862 343 939 primum
357 862 448 927 radus
462 864 556 941 gelidi
568 868 687 925 caluere
702 865 843 938 Triones,

110 956 152 1015 Et
162 956 251 1014 vetito
265 955 542 1017 frustretentirunt
557 976 678 1034 aequore
692 958 781 1037 tingi.

111 1049 249 1126 Quaeque
260 1052 329 1125 polo
343 1048 439 1124 posits
447 1062 495 1109 est
504 1050 624 1126 glaciali
636 1050 776 1126 proximu
789 1053 931 1130 Serpens,

111 1141 238 1218 Frigore
253 1141 340 1218 pigre
352 1143 448 1217 prius,
462 1160 518 1201 nec
533 1142 732 1201 formidabilis
745 1144 810 1214 ulli,

113 1233 252 1293 Incaluit:
273 1232 442 1311 sumitque
454 1248 546 1293 noves
557 1235 725 1294 fervoribus
737 1234 805 1295 irus.

112 1328 157 1383 Te
170 1344 293 1403 quoque
302 1328 454 1385 turbatum
467 1339 637 1409 memorant
648 1327 777 1404 fugisse,
791 1328 898 1400 noste

112 1418 258 1489 Quemvis
271 1420 374 1477 tsrdus
386 1436 462 1487 eras,
475 1429 507 1477 et
519 1431 550 1478 te
563 1430 616 1477 tua
627 1422 761 1494 plaustra
775 1425 922 1483 tenebant.

112 1510 154 1567 Ut
165 1527 237 1568 vero
250 1528 372 1569 summu
381 1512 523 1587 despexit
535 1514 570 1570 ab
584 1514 697 1571 aethere
708 1524 806 1571 terres

113 1601 220 1661 InfeLix
235 1603 400 1671 Phs'ethon,
410 1604 530 1677 penitus
543 1604 727 1678 penitusque
741 1617 888 1679 patentes,

113 1693 226 1753 Palluit
242 1706 273 1753 et
287 1690 386 1751 subito
398 1711 497 1769 genus
508 1693 696 1752 intremuere
707 1694 826 1755 timore:

114 1788 247 1863 Suntque
261 1784 358 1845 oculis
370 1787 502 1846 tenebrae
516 1802 571 1861 per
583 1797 700 1845 tanturn
713 1789 816 1847 lumen
829 1792 949 1852 obortae.

113 1878 151 1937 Et
159 1881 226 1956 jsrn
238 1880 342 1939 mallet
354 1896 449 1953 equos
463 1898 617 1955 nunquam
630 1879 769 1956 tetigisse
782 1895 931 1956 paternosz

114 1971 240 2047 Jsrnque
254 1974 382 2047 sgndsse
395 1988 492 2047 genus
505 1970 599 2047 piget,
612 1981 644 2029 et
656 1972 786 2032 vetuisse
800 1978 941 2052 rogando:

114 2062 180 2121 Jam
196 2063 333 2137 Meropis
347 2061 407 2119 dici
421 2064 554 2137 cupiens3
575 2062 732 2134 infertur,
745 2076 857 2127 utactu

114 2152 268 2229 Praecipiti
280 2154 368 2231 pinus
382 2154 488 2224 Borea,
502 2155 552 2214 cui
565 2156 644 2215 victa
657 2155 773 2216 remisit

113 2247 209 2305 Frena
221 2244 297 2307 suus
307 2260 415 2317 rector,
425 2242 520 2323 quarn
536 2248 594 2307 Dis
607 2249 745 2325 votisque
759 2250 890 2327 reliquit.

115 2338 196 2411 Quid
210 2338 310 2399 faciat?
330 2344 462 2417 multum
476 2340 546 2399 coeli
558 2353 626 2417 post
637 2354 724 2417 terge
737 2343 889 2402 relictum:

114 2431 194 2490 Ante
208 2434 311 2491 oculos
323 2434 391 2505 plus
404 2445 460 2489 est.
480 2432 593 2491 Animo
602 2433 728 2489 metitur
740 2445 914 2507 utrumque.

115 2522 154 2581 Et
167 2526 266 2595 modo,
279 2540 355 2599 quos
367 2522 411 2581 illi
423 2520 483 2581 fsto
494 2520 669 2599 confingere
680 2540 739 2581 non
752 2535 809 2593 est,

115 2619 264 2697 Prospicit
276 2624 411 2679 occisus:
432 2620 583 2679 interdum
599 2619 722 2695 respicit
734 2632 826 2679 ortus.
902 2622 905 2630 '

115 2714 253 2791 Quidque
269 2724 339 2791 agat
351 2714 484 2790 ignarus,
496 2724 608 2788 stupet:
629 2718 728 2771 et‘nec
742 2712 826 2772 frene
839 2714 973 2788 remittit,

114 2806 180 2865 Nee
193 2806 423 2867 retinerevalet:
443 2826 498 2867 nec
510 2792 631 2865 numius
642 2805 725 2865 novit
736 2825 897 2882 equorum.

114 2901 223 2975 Spsrsu
233 2918 353 2976 quoque
367 2900 398 2957 in
411 2902 491 2959 vario
503 2898 618 2974 passim
631 2898 777 2955 miracula
790 2901 877 2965 coelo,

113 2992 339 3067 vastarumque
353 2991 433 3048 videt
444 2989 581 3063 trepidus
596 2986 757 3045 simulacra
771 2987 911 3047 ferarum.

114 3084 169 3151 Est
182 3088 277 3154 locus,
290 3081 321 3143 in
335 3081 474 3159 geminos
489 3078 540 3137 ubi
554 3068 672 3137 brachia
684 3092 825 3140 concavat
836 3100 923 3141 arcus

114 3176 267 3253 Scorpion
285 3187 318 3234 et
328 3177 422 3233 cauda
433 3174 584 3249 flexisque
599 3173 741 3248 utrinque
755 3174 884 3243 lacertis,

112 3267 243 3343 Porrigit
254 3266 285 3325 in
299 3264 428 3341 spatium
442 3266 598 3341 signorum
612 3268 749 3324 membru
761 3267 900 3324 duorum.

112 3358 204 3417 Hunc
215 3376 294 3434 puer
308 3371 340 3415 ut
353 3358 430 3433 nigri
444 3357 598 3417 madidum
610 3360 719 3417 sudore
732 3356 838 3416 veneni

97 3448 250 3509 -Vulnera
262 3462 382 3525 curuata
392 3449 580 3509 minitantem
595 3450 720 3525 cuspide
733 3448 816 3516 vidit3

113 3541 230 3601 Mentis
244 3541 342 3615 inops,
353 3541 455 3619 gelida
467 3540 626 3599 formidine
637 3545 700 3599 lora
712 3538 839 3599 remisit.

112 3632 192 3705 Quae
206 3624 368 3708 postquam
383 3648 540 3695 summum
551 3632 682 3711 tetigere
691 3630 961 3710 jacentiutergum2
1070 3710 1076 3715 ·
