2450 4009
71 387 75 396 ,
163 321 211 406 52
455 311 771 388 ,Musnmonsu

162 468 369 548 Purpumque,
380 479 411 528 et
420 468 509 545 pictis
520 465 672 530 intextum
684 470 817 530 restibus
828 486 946 536 nurum.
978 488 987 509 1
1031 539 1035 543 .
1097 552 1100 554 q

162 561 264 634 Quem
276 561 399 638 quidem
412 581 470 638 ego
482 573 616 622 actutum
630 566 733 640 (modo
744 556 957 641 vos'ahsistite)
969 577 1078 641 cogpsn
1123 609 1129 616 .

87 682 108 702 -·
161 657 423 733 Assumptumque
434 667 552 730 patrem
562 669 792 735 commentaque
806 675 891 715 seem
902 656 996 716 fateri
1113 665 1117 669 ’

40 745 41 748 ’
61 767 64 772 ·
161 750 212 807 An
227 747 297 807 satis
312 749 431 807 Acrisio
445 760 492 807 est
505 747 596 808 animi
607 760 800 808 contemnere
812 767 925 809 vanum
1004 776 1006 779 ’

102 889 104 894 ,
160 841 295 912 Numen,
307 854 339 900 et
350 841 509 918 Argolicas
521 841 805 901 venienticlaudere
817 829 929 918 portas

160 934 297 992 Penthea
310 935 434 992 terrebit
445 953 516 992 cum
530 933 599 994 totis
609 935 726 992 advene
742 934 869 992 Thebis?
944 988 947 991 ,

162 1027 208 1084 Ite
221 1026 287 1096 citi,
296 1027 431 1104 (famulis
443 1029 500 1085 hoc
511 1026 656 1102 imperat)
668 1025 721 1097 ite,
734 1026 903 1102 ducemque

159 1118 311 1178 Attrahite
325 1121 384 1176 huc
398 1117 540 1176 vinctum:
561 1116 656 1196 jussis
669 1135 754 1176 mora
767 1116 871 1194 segnis
884 1119 996 1176 abesto.
1064 1105 1069 1109 ’

200 1213 292 1270 Hunc
304 1230 386 1280 avus,
399 1212 478 1267 hunc
492 1211 649 1279 Athamas,
659 1212 738 1268 huuc
750 1223 862 1270 caetera
870 1211 957 1269 turba
969 1218 1094 1281 suomnt

160 1301 336 1379 Corripiunt
349 1303 447 1386 dictis:
468 1301 637 1378 frustraque
650 1301 786 1380 inhibere
797 1304 939 1361 laborant.
1133 1304 1135 1307 ’

161 1396 274 1456 Acrior
286 1395 438 1454 admonitu
452 1406 506 1464 est;
526 1397 723 1466 irritatur-qne
735 1405 858 1463 retenta,

161 1492 205 1546 Et
219 1493 323 1545 crescit
336 1492 444 1553 rabiem
464 1491 714 1560 remoraminaque
727 1492 791 1556 ilua
804 1484 950 1545 nocebunt.

162 1581 213 1638 Sic
228 1601 286 1657 ego
300 1583 542 1655 torrentemque
555 1579 598 1637 nil
609 1581 742 1651 obstabat
755 1577 849 1647 eunti,

162 1673 287 1742 Lenius,
300 1685 330 1730 et
343 1672 462 1730 modico
476 1671 603 1746 strepitu
618 1672 780 1730 decurrere
793 1669 865 1728 vidis
931 1684 934 1688 ·
1018 1747 1021 1749 Δ

162 1768 214 1835 At,
228 1781 405 1842 quacunque
417 1765 515 1822 trabes
528 1767 738 1839 obstructaque
754 1781 825 1820 saxa
837 1763 987 1836 tenebant,
1015 1797 1019 1802 ‚

164 1859 327 1932 Spumeus,
340 1867 371 1914 et
385 1855 515 1923 fervens,
529 1865 560 1914 et
573 1855 609 1913 ab
624 1854 722 1932 objice
738 1852 846 1912 saevior
856 1851 927 1912 ibat.

164 1951 246 2008 Ecce
261 1949 410 2008 cruentati
425 1949 562 2007 redeunt:
584 1960 626 2018 et,
641 1948 780 2005 Bacchus
790 1945 843 2004 ubi
855 1955 948 2016 esset,

162 2037 321 2114 Qnaerenti
333 2042 463 2112 domino,
478 2044 633 2100 Bacchum
646 2039 756 2099 vidisse
768 2041 928 2116 negti-unt.

164 2133 266 2202 Hunc,
280 2133 397 2202 dixere,
409 2145 510 2192 tamen
524 2132 896 2206 consumendumque
910 2148 1079 2205 sacmnun‘

21 2279 25 2282 .
50 2284 52 2286 ,
164 2225 320 2307 Cepimus:
341 2237 372 2284 ct
386 2227 505 2284 tradunt
516 2223 653 2282 manibus
665 2235 732 2298 post
745 2236 831 2298 terga
842 2222 951 2299 ligatis.

403 2473 539 2532 Bocchus
552 2482 669 2543 rolttus.
689 2492 762 2533 rin.
777 2495 850 2536 vm.

203 2595 366 2654 Ansrrcts
381 2598 461 2654 hunc
474 2595 744 2665 oculisrPentheus²
755 2612 832 2671 quos
845 2595 892 2652 ira
903 2586 1077 2653 tremendos
1217 2579 1219 2592 ¹

164 2687 302 2746 Feceran
323 2698 364 2758 et,
375 2702 545 2763 quanquam
559 2705 656 2762 poenae
671 2686 722 2746 vix
735 2692 872 2762 tempora
882 2685 991 2755 differt,

116 2813 118 2821 ι
165 2781 195 2838 Ο
209 2779 356 2854 periture,
366 2790 477 2855 tuaque
491 2778 557 2837 aliis
571 2780 752 2836 documenta
765 2780 870 2838 dature
908 2779 911 2785 ’

166 2871 278 2940 Morte,
294 2871 344 2941 ait,
354 2873 410 2930 ede
425 2883 512 2930 tuum
522 2888 827 2947 nomen‚nomenque
840 2877 1009 2945 petentum,

166 2965 207 3022 Et
222 2964 355 3040 patriam3
377 2965 530 3041 morisque
543 2963 616 3022 novi
626 2980 682 3020 cur
696 2981 780 3021 sacra
791 2963 973 3040 frequentes.

167 3057 223 3113 Ille
236 3064 322 3112 metu
335 3073 455 3124 vacuus,
464 3058 584 3114 Nomen
597 3054 683 3124 mihi,
696 3054 781 3124 dixit,
794 3055 930 3112 Acoetes:
1019 3103 1023 3106 .
1062 3105 1065 3110 .

166 3146 266 3206 Patria
281 3147 412 3204 Maeonia
424 3158 481 3205 est:
504 3146 612 3205 humili
626 3146 664 3203 de
676 3147 929 3220 plebe-parentes.

167 3225 236 3297 Non
248 3237 333 3308 mihi,
347 3256 415 3314 quae
429 3237 497 3296 duri
510 3240 656 3308 colerent,
669 3247 764 3311 pater,
777 3255 846 3294 arva
856 3235 990 3318 juvenci,

167 3332 370 3410 Lanigerosue
386 3349 507 3408 greges,
517 3348 576 3388 non
588 3331 651 3386 ulla
663 3339 797 3387 armenta
810 3327 941 3405 reliquit.
978 3328 979 3333 ’

168 3424 287 3496 Pauper
298 3435 330 3482 et
342 3424 407 3498 ipse
421 3421 486 3481 suit:
507 3421 629 3498 linoque
643 3423 757 3480 solebat
771 3433 802 3480 et
815 3420 912 3479 hatnis

169 3512 329 3586 Decipere,
340 3520 372 3571 et
385 3517 499 3572 calamo
512 3513 653 3572 salientes
666 3504 778 3572 ducere
793 3513 902 3588 pisces.

170 3598 227 3675 Are
236 3606 279 3660 illi
292 3623 344 3660 suo
359 3623 458 3663 tensus
472 3617 545 3663 erat.
566 3606 648 3664 Cum
660 3606 793 3665 traderet
804 3614 909 3672 artem,
979 3642 982 3646 -
1085 3618 1093 3630 ’
