2450 4009
421 392 501 449 ΠΒ.
514 392 570 449 Vl.
593 389 685 448 PAR.
700 389 789 448 Vlll.

134 538 367 614 Purpureusque
379 548 463 597 notas
478 536 536 595 filis
547 534 678 595 intexuit
691 533 779 604 albis5

134 632 286 690 Indicium
300 626 431 714 sceleris:
446 618 637 706 perlectoque
651 627 772 688 tradidit
781 628 842 686 uni:

134 726 239 799 thue
255 726 467 783 setatdominae
483 738 570 799 gestu
583 735 679 800 rogat.
701 722 757 779 Illa
769 732 872 797 rogata

132 817 263 877 Pertulit
276 820 312 876 ad
326 820 471 884 Procnen,
484 836 541 875 nec
555 816 615 889 sqit
628 816 699 891 quid
714 816 807 874 tradat
820 814 851 873 in
863 813 942 873 illis.-

59 958 68 979 ,
134 911 254 969 Evolvit
268 924 364 969 vestes
377 910 449 971 saevi
463 922 598 970 matrona
611 908 737 985 tyranni:

128 1006 357 1081 Gennanaeque
373 1025 430 1062 suae
447 1022 568 1062 carmen
583 1000 753 1061 miserabile
768 1002 851 1079 legit.

133 1098 175 1179 Et
189 1098 314 1174 (mirum
329 1098 476 1175 potuisse)
492 1096 572 1156 silet:
584 1096 669 1152 dolor
680 1114 733 1153 ora
747 1094 897 1169 repressit:

135 1191 299 1267 Verbaque
316 1192 465 1267 quaerenti
480 1190 552 1247 satis
565 1188 751 1263 indignantia
764 1187 876 1262 linguae

136 1284 317 1343 Defueruut:
333 1304 390 1341 nec
403 1284 475 1341 llere
491 1272 583 1340 vacatt
599 1283 652 1339 scd
666 1282 771 1355 sasque
784 1280 927 1355 nefasque

134 1376 304 1437 Confusura
317 1378 386 1437 ruit:
400 1396 556 1452 poenaeque
570 1375 600 1433 in
614 1377 745 1451 imagine
756 1386 819 1433 tota
832 1386 889 1431 est.

137 1472 274 1545 Tempus
287 1486 360 1541 erat,
373 1493 431 1548 quo
446 1492 529 1530 sacra
543 1475 640 1529 solent
655 1468 825 1528 Trieterica
837 1470 949 1527 Bacchi

136 1563 280 1623 Sithoniae
295 1569 446 1623 celebrare
460 1584 563 1625 nurus.
588 1566 658 1620 Nox
674 1562 794 1619 conscia
806 1561 907 1619 sacris.

136 1658 233 1715 Nocte
249 1654 333 1715 sonet
347 1658 492 1730 Rhodopa
504 1655 658 1713 tinnitibus
672 1653 740 1710 aeris
753 1650 844 1709 acuti:

135 1750 233 1808 Nocte
246 1770 299 1809 sua
311 1764 357 1807 est
370 1762 493 1824 egresse
507 1746 724 1823 domoregina:
742 1745 861 1827 Deique

136 1842 254 1901 liitibus
270 1841 437 1911 instruitur,
450 1841 625 1917 furialiaque
639 1839 750 1915 accipit
764 1858 857 1897 arma.

135 1937 209 1995 Vite
223 1950 311 2011 caput
325 1936 450 2013 tegitur:
466 1936 552 1995 lateri
566 1933 687 1992 cervina
700 1932 820 1991 sinistro

136 2030 261 2087 Vellera
274 2031 453 2106 dependent:
468 2032 596 2087 humero
610 2026 684 2085 levis
695 2026 814 2084 incubat
830 2029 919 2087 nasu.

133 2123 261 2183 Concita
275 2141 331 2197 per
341 2125 428 2183 silvas
441 2124 526 2181 turba
542 2120 701 2179 comitante
716 2140 839 2182 suarum

133 2215 294 2274 Terribilis
309 2218 430 2282 Procne,
442 2214 589 2290 furiisque
602 2214 714 2291 agitata
727 2214 848 2283 doloris,

133 2306 265 2374 Bacche,
278 2322 344 2365 tuas
358 2308 487 2367 simulat.
506 2306 599 2365 Venit
612 2307 649 2365 ad
662 2309 775 2366 stabula
786 2307 851 2366 avia
861 2311 993 2371 tandeun

134 2386 349 2475 Exululatque,
362 2401 506 2474 Euoeque
523 2410 614 2465 sonat,
628 2410 790 2473 portasque
807 2398 956 2475 refringita

39 2525 45 2539 ι
102 2493 120 2533 >
132 2492 381 2567 Germanamque
396 2491 652 2566 rapiteraptaeque
665 2490 795 2567 insignia
811 2491 923 2551 Bacchi

101 2610 104 2613 ·
134 2585 249 2643 Induit:
265 2597 296 2642 et
311 2586 410 2643 vultus
424 2586 606 2643 hederarum¹
616 2582 772 2642 frondibus
786 2583 876 2642 abdita

112 2716 114 2725 x
133 2675 360 2754 Attonitamque
372 2681 492 2739 trahens
504 2676 581 2741 intra
593 2695 647 2765 sua
660 2676 763 2739 limina
777 2676 871 2736 ducit.

135 2772 179 2827 Ut
191 2769 284 2829 sensit
296 2770 433 2844 tetigisse
444 2772 570 2831 domum
585 2758 753 2830 Philomela
765 2770 934 2840 nefandam,

135 2862 265 2923 Horruit
276 2862 392 2933 infeliaq
405 2871 528 2939 totoque
539 2864 687 2937 expalluit
697 2882 760 2921 ore.

134 2957 232 3015 Nacta
245 2958 345 3016 locum
359 2958 484 3021 Procne,
497 2973 653 3013 saccorum
666 2954 793 3031 pignora
806 2954 912 3025 demit,
993 2963 999 2979 ‘

135 3050 260 3124 Oraque
272 3050 387 3107 develat
399 3048 520 3109 miserae
536 3046 706 3124 pudibunda
719 3047 824 3123 sorori:

134 3143 353 3221 Amplexuque
365 3140 450 3216 petit.
471 3143 531 3201 Sed
545 3160 602 3201 non
618 3143 753 3201 attollere
768 3154 870 3202 contra

136 3235 272 3293 Sustinet
286 3238 351 3294 haec
364 3239 479 3304 oculos;
493 3238 594 3311 pelleit
608 3236 664 3295 sibi
678 3235 741 3295 visa
752 3236 874 3295 sororias

135 3326 327 3405 Dejeetoque
337 3326 369 3385 in
382 3330 509 3387 humum
523 3332 618 3398 vultu,
630 3328 734 3406 jurare
747 3328 866 3402 nolenti,

134 3419 316 3495 Testarique
329 3420 423 3485 Deos,
434 3437 489 3494 per
502 3420 562 3479 vim
574 3420 630 3478 sibi
642 3421 773 3480 dedecus
788 3419 865 3478 illud

111 3536 112 3539 ¹
133 3514 269 3581 illatum,
283 3532 338 3589 pro
353 3532 426 3571 voce
440 3530 544 3573 manus
558 3508 628 3571 luit.¹
645 3516 751 3579 Ardet,
761 3522 793 3571 et
805 3511 887 3569 iram.

133 3608 205 3667 Non
219 3608 298 3681 capit
310 3606 373 3680 ipsa
387 3622 473 3664 stram
488 3607 615 3673 Procnes
630 3606 796 3681 fletumque
807 3602 930 3662 sororis*
967 3674 968 3679 η

134 3698 323 3777 arripiens,
339 3702 408 3759 Non
421 3709 467 3759 est
481 3700 620 3776 lacrymis
633 3699 694 3769 hic,
707 3698 812 3776 niquis,
824 3685 987 3787 agendae),
