2450 4009
178 378 228 449 43
264 422 267 427 .
491 368 791 434 usrnnronrrr.

179 518 295 588 Haeret,
307 526 341 577 ut
353 534 370 577 e
383 512 472 576 Pario
484 516 649 585 formatum
662 534 814 580 marmore
826 515 957 596 signum.

176 610 300 687 Spectet
312 609 398 669 humi
410 612 523 686 positus
536 613 702 689 geminum,
714 630 768 671 sus
779 609 1004 683 luminmidrss,

180 702 220 761 Et
233 704 338 778 dignos
351 703 478 774 Boccho,
488 702 596 780 dignos
604 716 636 763 et
649 706 789 780 Apolline
799 703 907 776 crines,

179 794 380 871 Impubesque
395 814 495 873 genes,
509 807 538 855 et
548 800 678 857 eburnea
691 801 776 868 colla,
787 801 942 875 decusque
982 803 985 812 ¹
1002 833 1006 841 ·

158 874 161 881 ¹
181 888 263 957 Oris,
276 899 306 947 et
318 886 350 945 in
363 889 449 949 niveo
459 892 583 947 nussum
596 893 722 949 candore
734 894 882 959 ruborem

180 980 352 1055 Cunctaque
363 979 498 1049 miratum
519 982 631 1056 quibus.
640 993 685 1041 est
696 982 840 1046 mirabilis
848 981 926 1058 ipse.

181 1072 219 1131 Se
228 1071 310 1148 cupit
323 1071 515 1147 imprudens¹
527 1084 567 1143 et,
579 1074 634 1149 qui
647 1076 759 1149 probet,
769 1074 833 1151 ipse
847 1077 993 1151 probatur.

180 1163 326 1241 Dumque
335 1163 420 1240 petit,
430 1167 551 1241 petitur:
573 1168 742 1250 pariterque
754 1170 895 1243 incendit,
907 1163 937 1229 et
949 1168 1039 1229 srdet.

180 1256 268 1317 Irrita
281 1256 378 1317 ulrici
391 1258 513 1334 quoties
518 1261 599 1319 dedit
608 1264 710 1321 oscula
721 1260 805 1321 fonti!

180 1348 215 1407 In
231 1350 341 1407 medias
355 1349 481 1424 quoties,
490 1351 593 1411 vvisum
599 1354 750 1429 captantis
758 1354 879 1422 collurm

181 1440 309 1501 Brschis
320 1443 424 1501 mersit
435 1462 537 1519 squss;
557 1463 612 1504 nec
626 1466 659 1505 se
671 1445 824 1522 deprendit
834 1445 866 1503 in
879 1442 949 1503 illis!

182 1532 263 1605 Quid
277 1534 381 1604 videet,
393 1537 495 1605 nescit;
514 1538 565 1595 sed
577 1542 659 1615 quod
671 1539 760 1608 ridet,
774 1538 871 1598 uritur
881 1539 944 1596 illo:

182 1624 283 1699 Atque
296 1626 398 1685 oculos
408 1626 500 1697 idem,
514 1628 567 1703 qui
581 1629 701 1702 decipit,
712 1629 815 1689 incitet
824 1648 918 1686 error.
961 1650 965 1655 ·

182 1716 320 1783 Credule‚
333 1717 404 1791 quid
416 1717 525 1777 frustra
536 1721 694 1781 simulacra
707 1720 822 1796 fugacia
834 1719 947 1795 captes?

90 1832 93 1837 ·
182 1808 271 1881 Quod
284 1807 368 1884 petis,
382 1818 427 1867 est
437 1804 596 1886 nusquam:
612 1812 691 1886 quod
703 1829 795 1881 amas,
805 1826 947 1881 evertere,
958 1813 1072 1886 perdes.

183 1901 244 1960 Iste
253 1918 447 1977 repercussae,
459 1920 552 1978 quam
565 1901 672 1973 cernis,
685 1903 823 1980 imaginis
835 1907 941 1963 umbra
952 1915 1007 1963 est.

183 1991 236 2051 Nil
250 1996 335 2052 habet
348 1996 403 2053 ists
415 1995 470 2064 sui,
482 2006 582 2054 tecum
595 1993 743 2072 venitque,
754 1996 936 2081 manetque5⁴

107 2130 108 2135 ,
185 2084 303 2143 Tecum
316 2084 456 2153 discedet;
478 2087 503 2143 si
516 2098 552 2144 tu
564 2087 716 2147 discedere
726 2089 832 2166 possis,
860 2123 863 2128 ·

65 2258 72 2267 ι
183 2177 253 2235 Non
265 2179 351 2236 illum
366 2177 495 2249 Cereris,
506 2196 564 2237 non
576 2178 664 2239 illurn
675 2199 748 2241 curs
758 2181 866 2257 quictis

183 2272 363 2350 Abslmhere
375 2269 444 2329 inde
454 2282 563 2346 potente
585 2276 637 2331 sed
648 2291 744 2349 opscs
752 2273 838 2333 ftrsus
850 2272 882 2331 in
895 2275 987 2335 herba

186 2361 305 2436 Spectat
313 2363 466 2440 inexpleto
476 2366 652 2424 mendaeem
664 2365 778 2425 lumine
789 2364 931 2433 lormnrm

185 2454 301 2529 Perque
311 2457 412 2514 oculos
424 2456 501 2532 perit
509 2456 574 2532 ipse
585 2476 666 2518 suos.
687 2458 883 2535 Paullumqu'e
895 2462 1017 2530 levatus,

185 2546 236 2604 Ad
248 2548 474 2607 circumstantes
481 2553 603 2609 tendens
618 2551 906 2621 sunbrschissilvss,
958 2600 963 2603 .

186 2636 309 2712 Ecquis,
321 2642 353 2697 'r'o
364 2638 462 2707 silvae,
471 2634 632 2709 crudelius,
645 2641 751 2717 inquit,
764 2641 884 2703 emerit?
988 2668 994 2680 =

186 2728 275 2788 Scitis
286 2732 377 2799 enim,
389 2742 419 2789 et
428 2718 531 2791 multis
543 2735 654 2803 latebre
667 2741 831 2809 opportuno
842 2733 947 2794 fuistis.

186 2822 333 2899 Ecquem,
346 2842 416 2889 cum
429 2836 535 2884 restrae
548 2836 592 2883 tot
605 2838 732 2903 agantm
744 2830 843 2886 secula
854 2826 934 2898 vitae,
968 2835 973 2845 '
1072 2842 1076 2846 ’

187 2913 249 2986 Qui
262 2916 303 2973 sic
316 2918 448 2988 tabuerit,
460 2919 550 2997 longo
565 2919 744 2989 meministis
755 2919 786 2977 in
793 2919 875 2988 ,aevol

187 3006 228 3065 El
242 3010 345 3080 placet,
358 3023 387 3067 et
398 3012 492 3069 videos
513 3014 566 3070 sed
580 3015 659 3087 quod
670 3013 823 3088 uideoque,
836 3016 1000 3088 placetque,

187 3099 256 3157 Non
270 3111 368 3158 temen
382 3101 506 3165 invenio.
528 3105 644 3161 Tentus
654 3115 734 3161 tenet
745 3122 829 3160 error
840 3116 998 3167 ementem.

189 3192 314 3265 Quoque
329 3191 425 3267 magis
435 3194 562 3263 dolesm3
582 3212 638 3253 nec
650 3212 704 3253 uos
716 3212 798 3252 nrsre
812 3207 926 3270 sepem
937 3197 1070 3273 ingess,-
1141 3277 1145 3279 v

188 3283 254 3342 Nec
269 3283 323 3353 vis,
337 3301 392 3343 nec
401 3297 529 3355 utentes,
541 3304 596 3344 nec
608 3287 838 3352 eleusisnroenis
850 3286 952 3364 portis.

189 3374 310 3451 Exigua
323 3377 514 3451 prohibemur
525 3398 614 3454 squs.
632 3378 725 3455 Cupit
737 3380 803 3456 ipse
811 3380 914 3440 teneris
971 3382 976 3389 “

189 3465 271 3525 Nem
284 3468 531 3546 quoties,liquidis
540 3471 732 3547 porreximus
742 3476 844 3533 oscula
856 3472 997 3549 lymphis

189 3556 251 3614 Hic
264 3561 350 3617 toties
364 3564 398 3620 ed
411 3582 459 3622 me
474 3564 610 3638 resupino
621 3564 727 3625 nititur
739 3584 800 3625 ore.

190 3648 281 3707 Posse
294 3663 380 3724 putes
390 3655 481 3735 turgis
493 3654 658 3717 miniruum
670 3659 809 3733 estquod
822 3656 1097 3727 imminuentem.
