2450 4009
443 334 522 395 LIB.
536 332 575 393 V.
597 334 689 393 Fan.
702 334 759 393 VI.

138 483 213 539 Inde
226 479 328 539 tremit
342 482 442 548 tellus:
456 491 487 537 et
501 498 553 538 rex
567 478 654 555 pavet
665 478 730 555 ipse
743 478 895 549 silentum,

136 574 186 631 Ne
202 584 310 647 pateat,
325 576 440 648 latoque
456 574 553 633 solum
568 584 721 647 retegatur
734 572 825 641 hiatu:

137 668 360 741 Immissusque
371 666 436 724 dies
448 665 631 740 trepidantes
643 676 751 723 terreat
762 668 893 723 umbras.

126 762 226 819 -Hane
238 773 374 819 metuens
387 762 514 828 cladem,
527 763 684 817 tenebrosa
696 760 767 817 sede
779 773 921 833 tyrannus

137 853 272 913 Exierat:
287 872 439 929 curruque
452 866 585 911 atrorum
598 865 702 915 vectus
715 870 862 928 equomm
907 902 913 909 .

137 946 282 1005 Ambibat
295 945 405 1004 Siculae
417 958 522 1005 cautus
535 944 710 1003 fundamina
721 957 820 1003 terrae.

136 1040 297 1113 Postquam
311 1042 498 1114 exploratum
511 1038 582 1097 satis
596 1048 651 1106 eat,
666 1041 731 1095 locs
743 1038 825 1095 nulla
845 1038 953 1106 labare:
971 1104 977 1113 ¹

138 1128 459 1207 Depositique-metus:
476 1134 554 1191 videt
569 1134 649 1189 hunc
665 1131 794 1205 Erycina
806 1140 968 1205 vagantem
1015 1198 1021 1210 ἱ

139 1224 244 1282 Monte
259 1242 313 1281 suo
328 1224 470 1289 residens,
482 1238 645 1297 natumque
658 1226 797 1297 amplexa
810 1224 975 1287 volucrem,

140 1317 245 1385 Anna,
259 1334 423 1391 manusque
436 1334 526 1382 meae:
540 1334 619 1384 mea,
631 1326 708 1381 nate,
721 1313 862 1388 potentia,
875 1312 961 1381 dixit,

140 1409 204 1475 llla,
219 1408 326 1483 quibus
340 1426 464 1483 superas
477 1424 593 1475 omnes,
605 1424 680 1481 cape
693 1410 759 1473 tela,
770 1406 898 1480 Cupido,

141 1504 236 1577 Inque
253 1502 311 1559 Dei
326 1515 432 1576 pectus
444 1504 556 1558 celeres
569 1498 677 1557 molire
689 1503 822 1572 sagittas,

141 1593 200 1652 Cui
214 1595 339 1667 triplicis
353 1592 445 1649 cessit
458 1592 577 1649 fortuna
587 1588 752 1645 novissima
765 1586 861 1662 regni.

142 1688 191 1743 Tu
207 1690 348 1759 Superos,
361 1685 522 1758 ipsumque
533 1682 652 1747 Iovem,
667 1691 699 1737 tu
714 1678 836 1737 nomina
848 1680 930 1753 ponti

102 1770 107 1777 ’
143 1778 232 1836 Victa
245 1780 362 1842 domu,
377 1776 536 1849 ipsumque
550 1772 626 1847 regit
639 1771 691 1846 qui
703 1771 827 1829 numina
839 1771 931 1848 ponti.

143 1872 268 1945 Tartara
280 1871 351 1944 quid
366 1865 494 1926 cessant?
507 1858 561 1923 eur
574 1882 631 1922 non
645 1863 809 1938 matrisque
820 1874 969 1937 tuumque

145 1962 312 2037 Imperium
326 1958 451 2036 profers?
468 1958 566 2033 agitur
579 1974 646 2031 para
659 1956 747 2013 tertia
759 1956 872 2013 mundi.

135 2050 185 2113 'Et
198 2066 297 2111 tamen
310 2053 341 2109 in
354 2054 440 2119 coelo,
456 2068 524 2126 quae
536 2050 600 2128 jam
613 2046 754 2123 patientia
767 2060 867 2106 nostra
879 2058 934 2115 est,

146 2146 334 2219 spernimur:
348 2164 381 2203 ac
394 2162 518 2202 meeum
532 2142 612 2201 vires
626 2154 786 2201 tenuantur
799 2141 932 2199 Amoris.

146 2238 264 2297 Pallada
275 2255 372 2297 nonne
386 2238 477 2305 vides,
488 2234 756 2315 joculatricemque
763 2236 898 2294 Uianam

146 2328 340 2389 Anscessisse
352 2324 571 2389 mind-Cereris
583 2346 703 2403 quoque
713 2326 776 2386 filia
788 2326 884 2403 virgo,

147 2423 180 2481 Si
194 2422 351 2499 patiemur,
365 2422 433 2481 erit:
449 2438 519 2479 nam
532 2438 601 2495 spes
613 2422 735 2479 affectat
747 2422 879 2477 easdem

147 2516 190 2573 At
204 2530 248 2577 tu,
262 2534 315 2591 pro
329 2514 420 2583 socio,
434 2514 459 2571 si
473 2532 532 2589 qua
544 2524 591 2571 est
605 2532 673 2573 mea
687 2514 794 2589 gratia,
806 2532 910 2591 regno,
980 2535 984 2540 ’

149 2606 247 2689 Iunge
262 2606 360 2665 Deam
373 2617 422 2682 pat
460 2624 486 2665 ο.
501 2598 590 2665 Dixit
603 2608 717 2664 Venus.
735 2608 790 2667 Ille
803 2609 972 2682 pharetram

150 2696 253 2756 Solvit:
269 2711 299 2757 et
313 2625 550 2760 arbitriznatris
565 2700 602 2757 de
616 2698 699 2757 mille
713 2699 828 2776 sagittis

150 2792 249 2849 Unam
265 2793 411 2867 seposuit:
427 2794 481 2853 sed
495 2810 556 2867 qua
568 2809 625 2867 nec
639 2791 753 2851 acutior
766 2793 836 2860 ulla,

151 2884 218 2941 Nec
231 2882 331 2942 minus
346 2885 458 2943 incerta
470 2899 526 2952 est,
539 2902 594 2940 nec
609 2901 678 2957 quae
692 2883 791 2961 magis
803 2883 902 2941 audiat
913 2894 1027 2951 areum.

151 2976 358 3051 oppositoque
371 2992 451 3051 genu
466 2974 599 3033 curvavit
611 2973 715 3031 flexile
729 2992 833 3031 como:

151 3068 245 3142 Inque
259 3086 312 3125 eor
326 3065 602 3143 narrata-percussit
612 3068 754 3127 arundine
769 3067 884 3127 Ditem.

149 3159 239 3217 Haud
252 3164 355 3233 procul
368 3160 514 3217 Hennaeis
527 3162 609 3216 larus
623 3174 669 3218 est
679 3179 699 3217 a
709 3161 860 3223 menibus
871 3163 951 3230 altae,

150 3252 282 3309 Nomine
297 3252 425 3325 Pergus,
438 3268 537 3324 aquae.
558 3252 627 3307 Non
641 3252 695 3307 illo
706 3256 791 3325 plura
804 3255 945 3324 Caystros
1010 3312 1014 3324 1

151 3343 292 3401 Carmina
306 3358 470 3417 cygnorum
485 3342 650 3401 labentibus
661 3342 745 3400 audit
758 3342 789 3399 in
804 3343 900 3399 unus.

152 3434 232 3493 Silva
245 3445 366 3492 coronat
378 3450 479 3507 aquas,
494 3432 619 3510 cingens
628 3436 707 3493 latus
719 3424 819 3502 omne,
832 3436 954 3509 suisque

103 3518 109 3525 ¹
152 3527 328 3596 Fraudibus,
342 3538 376 3599 ut
388 3529 466 3594 velo,
482 3528 625 3613 Phoebeos
638 3531 795 3608 submovet
809 3525 906 3602 ignes.

153 3618 279 3698 Frigora
291 3620 361 3681 dant
371 3617 460 3690 rami,
471 3618 587 3697 Tyrios¹
595 3623 707 3702 hamas
720 3619 844 3681 tumida
854 3619 958 3681 flores.
