2450 4009
444 338 525 399 urs.
540 338 581 397 11.
601 336 693 397 rsa.
707 334 733 396 1.
939 322 946 343 “
1012 334 1060 401 2⁹

132 484 227 545 Posce
240 482 326 543 bonis
341 470 461 559 aliquids
483 484 595 541 nullam
610 479 724 557 patiere
738 480 899 555 repulsam.

132 576 294 663 Deprecpr
309 575 365 633 hoc
378 594 485 643 unum;
507 576 587 651 quod
599 592 672 631 vero
685 571 807 631 nomine
820 592 915 648 poena,

131 671 202 729 Non
217 672 312 727 honor
322 680 377 727 est:
393 688 526 745 poenam,
542 668 707 735 Phaecam,
718 685 773 742 pro
784 684 912 725 munere
926 660 1035 742 poscis.

133 760 214 832 Quid
230 781 299 819 maa
312 762 387 819 colla
399 773 485 819 tenes
498 758 625 828 blandis,
635 759 750 833 ignare.
761 754 897 816 lacertis?

133 854 184 913 Ne
198 852 307 921 dubita
329 853 447 913 dabitur
460 849 595 930 (Stygias
607 849 778 929 juravimus
793 848 903 927 undas)

134 946 347 1021 Quodcunque
359 942 483 1019 opiarisr
506 946 557 1002 sed
570 930 601 1003 tu
617 941 782 1018 sapientius
792 954 868 1017 opta.

174 1036 305 1096 Finierat
318 1036 460 1095 monitus:
482 1034 570 1095 dictis
583 1046 685 1093 tamen
698 1034 750 1092 ille
764 1037 923 1110 repugnat:

135 1128 387 1205 Propositumque
402 1142 493 1187 tenet:
514 1128 682 1207 flagratque
694 1126 835 1204 cupidine
848 1130 964 1187 currus.

136 1222 228 1296 Ergo,
242 1241 302 1297 qua
314 1220 399 1280 licuit
413 1220 532 1297 genitor
545 1233 712 1287 cunctatus,
725 1221 762 1279 ad
776 1222 851 1279 altos

135 1312 266 1373 Deducit
276 1314 420 1393 juvenem
436 1314 584 1373 Vulcania
596 1332 724 1373 mttnera
736 1333 853 1373 currus.

136 1407 258 1467 Aureus
268 1407 332 1464 axis
347 1404 420 1476 erat,
433 1420 514 1466 temo
527 1426 648 1476 attreus,
662 1425 895 1468 aureasummae

136 1500 301 1557 Curvatura
315 1514 400 1567 rotae3
421 1498 573 1575 radiorum
588 1515 750 1577 argenteus
764 1501 846 1558 ordo.

136 1590 192 1649 Per
200 1590 279 1668 juga
294 1588 477 1664 chrysolithi,
489 1590 655 1665 positaeque
671 1610 711 1647 ex
725 1590 829 1647 ordine
844 1608 987 1665 gemmae,

137 1682 224 1741 Clara
237 1699 419 1757 repercusso
433 1682 596 1739 reddebant
610 1680 724 1740 lumina
738 1682 857 1741 Pboebo.

136 1772 281 1849 Dumque
295 1792 331 1830 ea
343 1774 552 1849 magnanimus
565 1776 717 1833 Pha'e'thon
732 1775 869 1846 miratur,
880 1795 1016 1854 opusque

135 1864 293 1939 Perspicit3
314 1884 387 1923 ecce
399 1865 472 1943 vigil
484 1866 574 1924 rutilo
587 1867 729 1943 patefecit
742 1868 777 1925 ab
791 1881 859 1927 ortu

134 1956 306 2033 Purpureas
322 1960 440 2015 Aurora
456 1956 546 2029 iores,
559 1971 591 2016 et
603 1962 692 2035 plena
703 1978 841 2019 rosarum

135 2049 231 2107 Atria,
252 2047 427 2124 Diffugiunt
440 2047 545 2109 stellae=
567 2072 694 2129 quarum
708 2053 831 2130 agmina
842 2054 923 2133 cogit

134 2141 269 2210 Lucifer,
280 2154 310 2199 et
321 2142 390 2200 coeli
403 2143 529 2203 statione
544 2145 727 2205 novissimus
739 2147 812 2206 exit.

135 2234 177 2291 At
191 2244 285 2312 pater,
299 2246 332 2292 ut
345 2250 449 2303 terras,
461 2237 670 2313 mundumque
685 2239 847 2299 rubescere
859 2240 943 2315 vidit,

136 2326 315 2401 Cornuaque
330 2316 476 2385 extremae
491 2330 573 2386 velut
586 2348 768 2389 evanescere
781 2332 887 2404 Lunae,

136 2418 268 2492 iungere
282 2416 378 2492 equ'os
390 2417 486 2477 Titan
495 2420 650 2478 velocibus
664 2421 795 2495 imperat
811 2423 929 2482 Horis.¹

137 2512 224 2570 Jussa
237 2512 314 2569 Deae
328 2511 445 2568 celeres
460 2504 620 2587 peraguntz
641 2512 807 2590 ignemque
822 2526 976 2579 vomentes
1007 2516 1015 2528 '

136 2602 306 2663 Ambrosias
320 2620 409 2661 succo
423 2616 537 2661 saturos
550 2603 740 2680 praesepibus
754 2608 823 2667 altis

137 2696 355 2771 Quadrupedes
366 2698 488 2764 ducunt3
510 2694 682 2776 adduntque
696 2699 828 2761 sonantia
838 2701 932 2765 frena.

138 2786 220 2845 Tum
235 2800 320 2861 pater
332 2806 383 2845 ora
398 2787 445 2845 sui
460 2806 545 2845 sacro
560 2789 762 2850 medicamine
775 2793 838 2853 uati

137 2880 282 2957 Contigit,
292 2892 327 2959 'et
340 2880 451 2954 rapidae
465 2880 538 2938 fecit
551 2877 693 2953 patientia
705 2883 849 2943 flammae:

137 2973 346 3061 imposuitqup
361 2988 457 3029 comae
471 2970 579 3039 radios3
600 2989 798 3049 praesagaque
811 2978 910 3047 lucttls

136 3068 263 3147 Pectore
277 3063 405 3125 sollicito
419 3078 558 3139 repetens
571 3062 709 3143 suspiria,
723 3066 810 3138 dixit,

103 3202 112 3209 -
138 3160 170 3218 si
184 3173 270 3237 potes
285 3156 331 3217 hlc
345 3150 451 3217 saltem
462 3157 585 3242 monitis
601 3178 708 3233 parere
722 3162 865 3235 paternis,

137 3254 240 3320 Parce,
251 3270 336 3327 puer,
348 3252 487 3315 stimulis,
501 3266 530 3311 et
545 3252 651 3311 ionius
663 3265 749 3311 utere
762 3255 844 3323 loris,
935 3328 938 3333 Ι

137 3346 250 3421 Sponte
263 3356 317 3403 sua
331 3350 501 3421 properant.
523 3338 620 3402 Labor
632 3359 679 3403 est
694 3336 828 3406 ibhibere
843 3347 986 3422 volentes,

137 3439 204 3496 Nec
220 3436 274 3494 tibi
287 3436 417 3494 directos
432 3436 544 3509 placeat
558 3436 604 3495 via
618 3437 750 3513 quinque
764 3426 819 3511 pet·
831 3430 927 3500 arcus.
972 3424 977 3434 ι

138 3530 246 3588 Sectus
259 3528 289 3587 in
303 3527 458 3603 obliquum
473 3532 591 3587 est'lato
603 3512 778 3605 curvamine
791 3528 888 3590 limes:

132 3620 352 3699 ‘Zonarutuque
363 3619 457 3679 trium
469 3611 627 3680 contentus
638 3622 708 3693 fine,
716 3623 881 3698 polumque
953 3679 955 3686 ,

788 3716 813 3771 C
827 3720 845 3770 a
