2450 4009
300 681 871 773 MHTAMORPHOSEON‘

360 1068 362 1074 .
459 986 684 1085 'ursanus

273 1317 355 1388 Crya
367 1328 394 1372 et
410 1314 551 1385 Halcyone
564 1318 596 1371 r'n
611 1314 780 1386 Halcyonee.
793 1330 866 1373 aaa.
879 1332 910 1373 x.

127 1462 329 1555 INTEREA
342 1492 499 1568 fratrisque
513 1492 571 1562 sui,
583 1493 761 1569 fratremque
774 1493 884 1553 secutis

127 1592 225 1649 Anxia
239 1580 379 1662 prodigiis
392 1590 524 1643 turbatus
537 1599 654 1660 pectora
665 1586 763 1659 Ceyx.

128 1682 268 1739 Corrsulat
280 1690 313 1737 ut
324 1694 428 1743 sacras,
442 1676 595 1733 hominum
609 1676 809 1743 oblectamina,
822 1684 924 1745 sortes,

128 1774 177 1831 Ad
191 1772 323 1829 Clarium
332 1780 416 1843 parat
429 1766 472 1826 ire
486 1766 598 1825 Deum:
607 1785 682 1825 uam
696 1769 807 1842 templa
819 1770 958 1841 profanus

129 1864 212 1921 luvra
225 1882 294 1921 cum
309 1862 447 1934 Phlegyis
460 1860 582 1919 iaciebat
596 1858 742 1935 Delphica
759 1860 898 1917 Phorbas.
991 1854 996 1863 ’

130 1954 251 2013 Consilii
267 1965 363 2010 tamen
379 1966 444 2009 ante
459 1955 514 2019 sui,
529 1950 678 2019 fidissima,
690 1964 804 2009 certam

130 2046 177 2103 Te
190 2044 268 2111 lacit,
283 2044 441 2115 Halcyone.
463 2042 522 2099 Cui
536 2045 668 2116 protinus
680 2041 785 2100 intima
797 2041 894 2118 frigus

129 2139 209 2196 Ossa
221 2147 409 2210 receperuutt
422 2138 559 2209 buxoque
574 2134 746 2193 simillimos
756 2153 809 2193 ora

129 2228 228 2289 Pallor
238 2226 307 2294 abin
321 2226 518 2301 lacrymisque
533 2240 618 2303 geuae
632 2229 773 2285 maduere
788 2224 925 2303 profusis.

130 2318 195 2375 Ter'
204 2331 304 2375 conata
317 2320 406 2391 loqui,
420 2328 464 2375 ter
476 2318 591 2374 fletibus
605 2338 656 2375 ora
667 2317 783 2392 rigavit:

52 2402 58 2409 ’
131 2408 328 2483 Singultuque
342 2407 404 2481 pias
417 2409 649 2480 interrumpente
662 2410 804 2482 querelas.

132 2500 208 2571 Quae
221 2517 287 2555 mea
300 2500 386 2571 culpa
399 2509 489 2564 tuam,
504 2486 586 2563 dixit,
596 2498 756 2565 carissime,
770 2509 901 2556 mentem

133 2587 308 2647 Vertitiubi
321 2598 375 2655 est,
389 2604 456 2661 quae
471 2605 541 2645 cura
557 2587 622 2644 mei
634 2590 717 2663 prius
730 2608 794 2647 esse
810 2589 929 2649 solebat?

134 2668 201 2741 lam
215 2693 295 2753 potes
307 2680 458 2754 Halcyone
468 2697 590 2737 securus
601 2682 700 2739 abesae
711 2679 823 2739 relicta?

135 2772 202 2831 lam
215 2770 265 2835 via
273 2772 359 2847 longa
373 2768 477 2845 placet?
492 2772 557 2829 lam
572 2790 638 2830 sum
653 2772 703 2830 tibi
715 2774 810 2831 carior
822 2773 939 2833 absens?

135 2865 179 2921 At
191 2862 289 2939 (puto)
302 2880 356 2937 per
368 2872 459 2919 terras
472 2862 528 2919 iter
541 2874 593 2929 est,
604 2875 779 2937 tantumque
792 2867 906 2935 duleum

136 2955 205 3013 Non
219 2952 307 3011 etiam
320 2964 462 3017 metuam,
474 2968 615 3025 curaeque
629 2952 732 3011 timore
746 2958 892 3013 carebunt.

138 3048 265 3121 AEquora
275 3064 324 3102 me
337 3056 455 3112 terrent,
467 3054 497 3101 et
508 3044 588 3118 ponti
601 3032 691 3102 tristis
701 3044 812 3123 imago.

136 3138 177 3197 Et
189 3140 300 3195 laceras
312 3152 406 3208 nuper
417 3138 527 3207 taqulas
540 3136 568 3192 in
583 3134 678 3194 littore
690 3140 759 3207 vidi3

138 3229 178 3287 Et
191 3246 271 3302 saepe
285 3226 314 3282 in
330 3231 452 3285 tumulis
464 3230 527 3287 sine
539 3246 660 3303 corpore
672 3232 791 3290 nomina
802 3232 872 3310 legi.

138 3318 223 3377 Neve
235 3332 323 3376 tuum
335 3317 422 3374 fallax
435 3317 568 3377 animum
581 3318 688 3379 fiducia
699 3336 808 3399 tangam

139 3410 229 3491 Quotl
242 3426 324 3467 socer
341 3407 524 3481 Hippotades
537 3411 588 3469 tibi
603 3410 650 3480 sit;
662 3411 713 3487 qui
726 3432 844 3472 carcere
857 3413 944 3475 fortes

139 3500 295 3587 Contiqeat
308 3512 419 3567 ventos,
431 3511 470 3566 et,
483 3518 553 3557 cum
568 3504 647 3572 velit,
660 3521 778 3579 aequora
791 3508 893 3579 plaoet.

140 3591 222 3655 Cura
234 3593 328 3653 semel
340 3592 443 3651 emissi
454 3602 611 3653 tenuerunt
623 3612 744 3671 aequora
755 3595 845 3667 renti,

800 3686 840 3764 K.
