2450 4009
464 360 545 423 sin.
558 362 598 420 v.
618 359 713 423 rsa.
726 366 752 422 1.
1024 368 1072 442 79

139 511 291 584 Sanguine
305 508 438 568 deiectos
449 504 559 567 cecidit
573 510 723 582 collapsas
736 508 766 566 in
775 518 868 568 artus.

137 604 201 667 Hic
217 618 339 679 quoque
352 606 531 677 Cephenum
547 614 615 677 post
631 603 748 679 Regem
763 606 880 677 primus
893 602 1002 663 Odites

139 697 222 755 Ense
237 696 317 773 jacet
331 694 481 769 Clymeni:
499 696 660 754 l’mtenota
673 694 804 771 perculit
817 697 865 754 Ην
872 711 972 769 poetis:

138 790 267 863 Hypsea
280 787 439 863 Lyncides.
462 787 529 845 Fuit
542 799 574 845 et
588 788 767 863 grandaevos
780 787 810 847 in
823 789 883 846 illls

133 876 312 946 Emathion,
325 878 404 955 aequi
417 882 524 947 cultor,
535 878 719 954 timidusque
735 879 884 939 Deosunu

139 974 243 1047 Quem
256 968 396 1049 quoniam
412 970 570 1046 probibent
583 972 652 1031 anni
662 977 784 1041 bellare,
798 976 948 1051 loquendo
1039 994 1044 1006 ⁴
1058 1010 1072 1027 «-

139 1064 267 1140 Pugnate
279 1077 311 1125 et
322 1058 454 1132 incessit,
469 1069 677 1139 scelerataque
691 1067 819 1137 devovet
831 1085 925 1125 arma.

138 1156 223 1217 Huic
236 1157 379 1217 Chromis
392 1159 532 1231 amplexo
546 1157 688 1217 tremulis
699 1157 803 1215 altaria
815 1159 924 1233 palmis

140 1251 279 1309 Demetit
292 1268 365 1311 ense
379 1251 573 1325 caput;,quotl
587 1250 723 1324 protinus
736 1249 841 1308 incidit
850 1267 922 1311 arat

51 1329 60 1347 ⁸
140 1345 242 1419 Atque
255 1344 296 1403 ibi
308 1324 492 1405 semianimi
500 1346 589 1401 verbe
602 1343 776 1402 execrantia
789 1343 894 1421 lingua

141 1438 254 1505 Edidit,
267 1449 297 1496 et
311 1436 427 1495 medios
440 1427 577 1495 auianum¹
586 1435 751 1511 exspiravit
763 1434 794 1493 in
810 1437 908 1513 ignes.

140 1530 220 1589 Hinc
235 1530 478 1606 gemiminum,
491 1529 676 1601 Broteasque
691 1541 723 1585 et
736 1528 879 1588 caunos
892 1530 1028 1589 Ammon

140 1622 259 1690 invicti,
274 1621 353 1679 vinci
364 1620 391 1677 sl
403 1634 528 1695 possent
541 1620 683 1679 caestibus
697 1634 797 1687 enses,

140 1715 253 1774 Phinea
265 1712 404 1771 cecidere
418 1710 719 1787 manut·Cet·erisque
735 1713 873 1771 sacerdos

140 1810 307 1883 Ampycus,
320 1805 431 1865 albenti
445 1809 560 1865 velatus
574 1820 711 1880 tempora
723 1806 805 1863 vitta.

140 1902 189 1959 Tu
202 1918 337 1977 quoque,
352 1899 494 1973 lapetide‚
508 1918 567 1957 non
583 1902 640 1955 hos
653 1898 837 1957 adhibendus
851 1898 880 1957 itt
895 1918 979 1972 usust

140 1992 200 2051 Sed
213 1992 265 2067 qui
278 1992 360 2068 pacis
373 2006 450 2065 opus
459 1990 605 2048 citharam
617 2005 690 2049 ‘cum
705 2008 778 2049 voce
792 2008 943 2060 moverem

139 2084 247 2143 Jussus
261 2102 329 2143 eras
340 2084 492 2141 celebrare
508 2087 611 2159 dapes,
626 2082 797 2159 lentumque
810 2086 954 2143 canendo.

139 2176 199 2235 Cui
211 2179 314 2250 prbeul
327 2175 443 2241 assini,
458 2179 666 2250 plectrumque
679 2176 801 2234 imbelle
814 2178 941 2249 tenenti,

7 2312 9 2325 .
69 2300 75 2317 ι
138 2268 284 2336 Pettalus,
298 2270 322 2333 l,
336 2262 447 2336 ridens,
463 2269 577 2345 Stygiis
591 2288 665 2327 cane
677 2282 792 2339 cetera,
802 2270 889 2340 dixit,

140 2360 292 2421 Manibus=
307 2372 339 2419 et
353 2364 429 2421 laevo
444 2376 620 2419 ntueronem
635 2369 775 2437 tempore
790 2362 866 2437 ligii,

132 2452 289 2520 Concidit,
302 2464 334 2510 et
346 2452 450 2527 digitis
466 2452 666 2511 morientilms
680 2455 731 2511 ille
745 2467 874 2513 retentat

140 2544 204 2603 Fila
217 2550 301 2621 lytaet
316 2562 446 2621 casuque
461 2545 540 2604 canit
554 2546 727 2604 misembilc
741 2562 873 2606 carmen.
910 2542 914 2549 ’

140 2639 209 2696 Non
222 2632 383 2697 einit'bonc
396 2638 519 2712 impune
534 2636 619 2697 ferox
635 2638 783 2698 cecidisse
797 2641 970 2716 Lycormas:

141 2732 300 2807 Raptaque
313 2734 350 2789 de
364 2735 471 2793 dextro
484 2735 603 2792 robusta
617 2736 760 2809 repagula
770 2734 849 2809 posti

140 2823 269 2882 Ossibus
282 2822 376 2882 illidit.
384 2824 494 2884 mediae
507 2824 647 2883 cervicis.
673 2828 711 2883 nt
724 2814 774 2884 ille

140 2916 305 2977 Procubuit
319 2929 418 2984 terrae,
431 2916 550 2975 mactati
562 2932 648 2973 more
662 2916 792 2993 juvenci.

95 3080 99 3083 ,
140 3006 276 3066 Demere
291 3011 419 3089 tentabat
432 3006 501 3066 laeti
515 3022 636 3083 quoque
651 3011 755 3067 mbota
768 3010 876 3084 postis

141 3096 308 3175 Cinyphius
323 3100 453 3167 Peiorem
467 3103 592 3161 tentanti
604 3103 731 3161 dextera
742 3103 804 3181 lixa·
816 3114 864 3165 est

141 3193 273 3266 Cuspide
289 3192 480 3253 Marmaridae
495 3194 633 3270 Corythi3
648 3194 790 3272 lignoque
803 3198 941 3257 cohaesit·

141 3284 281 3343 Haerenti
295 3286 373 3341 latus
389 3286 485 3343 bausit
495 3286 590 3343 Abast
603 3304 662 3345 nec
675 3288 788 3347 corruit
801 3289 864 3355 ille;

141 3375 202 3433 Setl
216 3375 363 3433 retinente
378 3392 500 3435 manum
514 3380 646 3437 moriens
656 3400 674 3438 e
685 3395 773 3455 poste
783 3379 935 3455 pependit.

142 3466 291 3525 Sternitur
305 3480 335 3525 et
351 3466 509 3527 Melaneus
519 3472 644 3529 Perseia
654 3486 751 3530 caetra
764 3481 896 3541 secutus,

141 3561 182 3619 Et
196 3560 409 3641 Nasamoniaci
424 3561 551 3637 Dorylas
565 3562 735 3623 ditissimus
748 3563 826 3639 agrit

142 3651 238 3713 Dives
250 3653 317 3731 agri
328 3652 469 3731 Dorylas:
481 3670 543 3731 quo
555 3671 615 3714 non
627 3658 802 3731 possederat
814 3657 891 3716 olim·
