2450 4009
324 693 898 834 Matutinaruosuon

1013 800 1023 833 1

510 953 639 1013 LIBER
653 955 711 1013 111.

310 1187 469 1249 Homine-se
484 1184 632 1249 Dentibus
647 1168 904 1263 «instestinis-orti.
956 1199 959 1206 '

138 1286 334 1389 -JAMQUE
349 1318 433 1378 neus
446 1322 541 1396 pona
554 1322 907 1401 fallacisimaginetauri,

138 1410 182 1469 'Se
196 1412 346 1469 confessus
358 1426 429 1482 erat;
450 1414 627 1488 Dictaeaque
639 1436 707 1472 rura
718 1420 843 1473 tenebat.
855 1453 858 1457 -

21 1552 23 1559 ,
98 1499 100 1501 ’
143 1505 223 1563 Cum
237 1517 320 1579 pater
333 1504 464 1577 ignarus,
477 1506 591 1565 Cadmo
603 1508 773 1581 perquirere
786 1517 901 1581 raptam

140 1598 285 1673 Imperat:
306 1610 335 1654 et
349 1614 478 1671 poenam,
491 1598 589 1655 sinon
604 1596 759 1667 invenerit,
771 1599 849 1655 addit

141 1687 286 1757 Exilium,
294 1689 375 1757 ,sacto
389 1689 457 1762 pius
469 1704 498 1748 et
511 1693 671 1750 sceleratus
685 1693 799 1749 eodem.

8 1818 9 1825 κ
87 1841 89 1843 ,
141 1782 223 1841 Orbe
238 1784 387 1855 pererrato
403 1779 483 1857 (quis
496 1780 577 1839 enim
590 1784 771 1857 deprendere
782 1782 874 1857 possit

139 1874 231 1933 Furta
244 1872 351 1951 Jovisi)
365 1874 508 1949 profugus
523 1874 717 1950 patriamque,
729 1878 864 1953 iramque
876 1875 1004 1950 parentis

139 1966 225 2025 Vitat
238 1965 438 2042 Agenorides3
459 1967 620 2043 Phoebique
633 1971 751 2027 oracula
764 1971 890 2043 supplex

140 2060 285 2118 Consulit:
306 2070 345 2127 et,
359 2078 425 2133 quae
440 2061 477 2119 sit
489 2062 578 2119 tellus
591 2060 752 2130 habitanda,
768 2062 899 2136 requirit.

139 2150 201 2211 Bos
213 2151 275 2219 tibi,
288 2151 416 2209 Phoebus
429 2150 477 2224 ait,
492 2152 561 2219 solis
576 2149 713 2215 occurret
724 2152 754 2208 in
767 2150 853 2219 srvis,

139 2244 270 2303 Nullum
284 2260 366 2318 passa
378 2242 497 2319 jugum,
511 2243 653 2318 curvique
666 2244 809 2303 immunis
822 2243 918 2301 aratri.

52 2377 60 2395 .
138 2338 206 2395 Hac
219 2336 294 2394 duce
306 2353 395 2411 carpe
408 2336 479 2395 vias:
501 2348 531 2394 et
542 2344 600 2411 qua
613 2334 791 2411 requieverit
804 2337 902 2407 herba,

139 2421 252 2487 Moenia
265 2429 310 2489 fac
323 2430 441 2489 condas:
462 2428 634 2506 Boeotiaque
647 2429 697 2488 illa
711 2440 821 2488 vocato.

179 2526 243 2584 Vix
256 2528 329 2585 bene
344 2525 472 2585 Castalio
487 2518 618 2585 Cddmus
631 2528 821 2586 descenderat
833 2535 926 2583 antroz

57 2668 65 2675 .
138 2618 349 2677 Incustoditam
362 2620 440 2675 lente
454 2618 531 2674 videt
544 2616 586 2673 ire
596 2616 766 2694 juvencam,

138 2712 265 2770 Nullum
279 2705 389 2767 servitii
403 2708 523 2783 signum
535 2707 651 2765 cervice
663 2719 824 2784 gerentem.
840 2725 843 2732 ’

138 2800 343 2876 Subsequitur,
356 2817 517 2875 pressoque
531 2798 606 2875 legit
623 2798 745 2875 vestigia
758 2817 874 2876 gressm
910 2852 913 2859 .

137 2898 361 2971 Auctoremque
374 2892 428 2952 viae
444 2894 590 2952 Phoebum
602 2892 765 2956 taciturnus
778 2896 885 2980 adorat.
946 2955 950 2958 ,

138 2989 205 3048 Jam
216 2990 288 3045 vada
300 2986 433 3062 Cephisi,
441 2989 633 3063 Panopesque
646 2998 776 3048 evaserat
788 3006 866 3046 arva:
882 2978 884 2982 ⁷

136 3080 198 3138 Bos
210 3072 300 3146 stetin
320 3090 360 3147 et,
372 3080 474 3137 tollens
489 3080 647 3154 spatiosam
656 3080 791 3137 cornibus
804 3078 870 3135 aitis

136 3172 186 3235 Ad
199 3172 311 3231 coelum
324 3170 460 3241 frontem,
474 3171 638 3247 mugitibus
648 3170 767 3247 impulit
779 3189 874 3229 auras.

27 3320 29 3325 Α
78 3260 83 3275 '
136 3266 239 3340 Atque
251 3261 301 3333 ita,
313 3252 474 3340 respiciens
483 3264 607 3322 comites
620 3283 674 3323 sua
685 3276 769 3339 terga
783 3274 949 3339 sequentes,
967 3283 969 3285 ’

135 3358 304 3427 Procubuit,
317 3369 475 3433 teneraque
488 3360 564 3415 latus
577 3356 713 3416 submisit
725 3356 754 3413 in
768 3359 865 3415 herba.

135 3448 267 3507 Cadmus
280 3448 341 3525 agit
355 3461 462 3525 gratem
483 3448 706 3525 peregrinaeque
718 3453 818 3510 oscula
830 3463 918 3509 terrae

135 3538 227 3619 Figia
249 3552 279 3598 et
292 3538 407 3617 ignotos
419 3551 534 3601 montes
543 3560 688 3619 agrosque
701 3544 814 3621 salutatt
905 3604 908 3618 β

119 3629 304 3701 ’ὃιοταῚονί
315 3632 446 3695 facturus
456 3646 527 3695 erat:
545 3633 629 3713 jubet
641 3633 685 3696 ire
700 3634 859 3706 ministros,
