2450 4009
206 338 296 406 lou·
518 293 816 392 METAMORPH.
847 329 849 332 ’

202 476 287 548 Quos
300 474 351 535 ubi
364 470 499 535 viderunt
512 490 670 552 praeacntae
684 478 813 553 cuspidis
828 479 927 537 hastas

202 573 238 631 In
252 580 339 644 caput
354 568 483 629 AEmonli
493 566 611 648 juvenis
623 583 761 646 torquere
774 582 922 647 parantesr

201 664 360 729 Demisere
374 674 456 721 metu
472 666 649 739 vultumque
662 665 855 741 animumque
865 663 995 741 Pelasgi.

202 758 274 833 Ipsa
287 777 407 835 quoque
420 756 567 827 extimuit,
580 776 650 835 quae
663 768 762 817 tutum
775 758 883 817 facerat
896 757 995 817 illum:
1086 814 1089 817 ,

202 852 305 927 thue
315 853 376 926 peti
389 852 530 931 juvenem
543 862 586 909 tot
598 850 672 910 vidit
683 854 719 910 ab
732 852 864 911 hostibus
877 853 984 921 unum,

202 944 319 1013 Palluit3
332 947 470 1028 etsubito
486 942 548 1002 sine
562 942 708 1020 sanguine
721 944 831 1020 frigida
837 944 927 1003 aedit.⁴

202 1036 286 1095 Neve
300 1051 406 1111 parum
419 1040 532 1095 valeant
544 1056 561 1095 a
574 1054 606 1094 se
620 1039 686 1095 data
699 1037 844 1113 gramina,
857 1038 978 1096 cannen

203 1127 356 1213 Auxiliaie
368 1130 455 1197 osuiu
469 1140 655 1205 secretasque
669 1129 788 1189 advocat
800 1143 888 1189 artes.

202 1220 267 1288 Ille,
282 1239 403 1297 gravem
414 1223 528 1280 medios
539 1221 656 1280 silicem
667 1220 813 1299 jaculatus
825 1221 856 1279 in
869 1225 978 1291 hostes,

129 1310 131 1315 ’
203 1314 234 1371 Α
248 1332 280 1370 se
293 1314 451 1387 depulsum
468 1314 599 1372 Martem
609 1315 754 1372 'convertit
766 1316 801 1372 in
809 1316 898 1389 ipsos.
996 1353 1004 1369 ,
1063 1315 1076 1328 ‘

203 1406 379 1481 Terrigenae
393 1418 518 1481 pereunt
532 1424 586 1481 per
600 1418 703 1465 mutua
716 1410 837 1464 vulnera
849 1406 965 1474 fratrem

203 1499 349 1573 civilique
364 1500 469 1557 cadunt
482 1497 557 1557 acie.
577 1498 738 1557 Gratantur
751 1500 869 1563 Aolriri:

140 1594 142 1599 '
203 1592 417 1667 victoremque
432 1602 543 1659 tenent3
558 1590 711 1666 aridisque
724 1590 911 1666 amplexibus
922 1592 1049 1662 uatem,
1114 1676 1122 1683 ‚
1209 1557 1210 1570 χ

203 1685 253 1743 Tu
268 1702 386 1758 quoque
399 1684 540 1743 rictorem
554 1686 863 1759 complecti-barbara,
876 1687 979 1771 vellesg

205 1774 346 1856 [Obstitit
357 1775 477 1850 incepto
489 1777 592 1851 pudor:
607 1788 638 1833 et
651 1780 808 1851 oomplexa
822 1774 957 1855 fuisseu]

96 1930 98 1937 ,
204 1868 263 1927 Sed
276 1883 314 1938 te,
327 1886 364 1926 ne
378 1868 501 1936 laceres,
515 1869 608 1926 tenuit
622 1868 783 1927 reverentia
800 1868 900 1928 famae.

203 1950 290 2034 Quod
305 1962 384 2029 licet,
398 1962 504 2020 affectu
518 1962 606 2019 tacito
618 1962 738 2019 laetarist
753 1960 877 2038 agisque
936 2002 940 2010 ·

204 2054 391 2111 Carminibus
403 2067 510 2130 grates,
523 2066 552 2111 et
567 2054 624 2111 Dis
638 2055 805 2113 auctoribus
818 2058 936 2112 horum.

138 2140 139 2146 '
204 2144 384 2225 Pervigilem
399 2156 531 2218 superest
545 2144 644 2201 herbis
657 2148 755 2220 sopire
767 2149 936 2213 draconem

203 2238 264 2311 Qui
276 2236 364 2297 crista
379 2236 548 2315 linguisque
562 2236 658 2295 tribus
672 2236 842 2313 praesignis,
854 2248 884 2296 et
895 2235 982 2297 uncis

204 2330 349 2391 Dentibus
363 2333 534 2399 horrendus,
547 2343 647 2390 custos
660 2343 722 2390 erat
733 2332 833 2389 arietis
845 2328 939 2389 aurei.

204 2424 293 2485 Hunc
309 2438 464 2501 postquam
479 2425 584 2500 sparsit
599 2424 714 2485 Lethaei
728 2425 862 2501 gramine
874 2423 967 2482 succi:

203 2517 363 2593 Verbaque
378 2530 424 2579 ter
436 2517 513 2578 dixit
525 2518 656 2593 placidos
669 2518 806 2577 facientia
818 2536 948 2588 somnos,

202 2608 280 2680 Quat
293 2628 377 2683 rnare
390 2614 549 2679 turbatum,
561 2628 629 2685 quae
641 2612 756 2668 concita
768 2610 891 2669 flumina
904 2612 1016 2680 sistant;

203 2702 334 2759 Somnus
347 2704 376 2758 in
387 2700 505 2777 ignotos
516 2704 620 2761 oculos
630 2704 772 2778 subrepit:
786 2714 817 2759 et
829 2722 900 2761 auro

204 2791 302 2879 lieros
317 2794 451 2853 AEsonius
465 2794 585 2871 potitur:
600 2795 753 2871 spolioque
765 2800 920 2870 superbus,

205 2886 343 2948 Muneris
357 2901 508 2949 auctorem
522 2901 637 2959 secum,
650 2888 857 2966 spoliantem,
870 2900 996 2965 portans,
1085 2900 1089 2907 '

204 2976 312 3039 Victor
326 2980 466 3040 Iolciacos
478 2980 576 3060 tetigit
590 3002 661 3043 cum
675 2981 803 3062 conjuge
816 2993 925 3059 portus.

1086 2511 1096 2536 ··
1207 2519 1209 2606 l
