2450 4009
191 349 246 447 w
465 349 478 424 s
515 349 819 440 Memnonen(

198 517 270 576 Non
280 524 366 592 put'et
377 535 445 577 esse
456 518 550 579 Jovis.
571 521 684 597 Neque
697 521 777 580 enim
791 520 875 579 Jovis
888 514 955 580 esse
969 523 1092 597 putabat

197 612 320 681 Persem
340 630 432 689 quem
448 613 547 688 pluvio
560 613 663 672 Danai
677 607 858 688 conceperat
872 631 953 672 auro.
1023 619 1030 634 '
1055 616 1059 621 ⁴
1099 625 1102 632 '

197 701 274 760 Mox
288 717 386 763 tomen
402 705 567 775 Acrisium,
580 703 674 782 (tantu
688 717 734 764 est
745 705 1005 783 praesentiendi)
1105 745 1109 753 ·

118 863 122 873 Ι
196 795 276 853 Tam
291 793 421 877 rioliss'e'
433 799 547 869 Deum,
560 819 651 876 quam
664 817 723 857 non
737 803 865 876 agnbsse
873 809 1030 875 nepotem,

196 887 336 946 Poenitet.
357 890 520 965 Impositos
530 892 595 968 jam
608 895 684 951 coelo
698 903 745 951 cst
756 894 842 949 aiter:
862 905 892 948 at
902 894 978 949 alter
995 909 998 912 ’

195 977 324 1054 Viperei
337 981 471 1040 referens
485 983 615 1057 spolium
628 980 822 1042 memorabile
836 982 973 1052 monstri,

196 1069 277 1128 Adra
289 1075 429 1146 carpebat
442 1075 581 1132 tenerum
595 1073 789 1132 stridentibus
801 1073 865 1130 alis.
1064 1064 1068 1068 ’
1108 1137 1110 1141 ,

195 1162 334 1238 Cumque
348 1181 440 1238 super
452 1164 580 1238 Libycas
591 1164 687 1223 victor
699 1166 843 1239 penderet
853 1149 967 1234 arenam
990 1182 994 1193 ’
1068 1185 1070 1189 ’

195 1251 351 1328 Gorgonei
364 1255 470 1327 capitis
484 1268 584 1332 gnttae·
593 1254 730 1315 cecidere
742 1269 885 1315 cruentae:

120 1369 122 1376 ¹
182 1344 279 1414 Quas
293 1347 404 1404 humus
418 1361 559 1422 exceptas
571 1349 669 1406 varios
681 1347 824 1405 animarit
835 1347 865 1404 in
880 1363 1005 1430 angues.

196 1436 285 1496 Unde
298 1437 441 1514 frequens
454 1437 505 1496 illa
516 1451 564 1530 est
576 1439 743 1514 infestaque
755 1450 834 1496 terra
846 1435 985 1496 colubris.
1049 1455 1053 1462 ⁸

439 1689 521 1744 Atlas
535 1690 566 1743 in
580 1689 720 1760 Mentem,
740 1704 810 1746 rus.
823 1707 880 1747 xv.

233 1802 317 1858 Isos
332 1818 386 1876 per
398 1800 583 1863 immensum
598 1805 692 1862 ventis
705 1805 890 1862 discordibus
903 1816 995 1875 actus,

196 1893 287 1950 Nunc
302 1896 371 1964 huc,
383 1911 463 1952 nune
477 1895 560 1963 illuc,
577 1899 720 1971 exemplo
735 1897 824 1954 nubis
836 1914 967 1972 aquesce,

195 1973 314 2052 Fertnn
337 1995 418 2043 etex
431 1991 490 2044 alto
505 1991 642 2046 seductas
654 1992 769 2046 aethere
782 1991 872 2065 longe

195 2071 356 2150 Despectat
370 2089 476 2142 terrum
498 2091 655 2154 totumque
668 2083 840 2156 supervolat
851 2081 967 2138 orbem.
1035 2080 1038 2093 ’

195 2165 259 2224 Ter
272 2168 386 2243 gelidas
400 2171 518 2236 Arctos,
530 2182 578 2228 ter
590 2170 701 2251 Cancri
713 2170 835 2227 brachia
846 2169 932 2227 vidit:

193 2259 284 2334 Saepe
297 2264 496 2328 submonens,
507 2281 590 2336 saepe
605 2276 652 2322 est
665 2259 778 2320 ablatus
790 2259 824 2332 in
835 2272 931 2318 ortus.

193 2353 321 2428 Jamque
335 2353 458 2411 cadente
472 2353 519 2411 die
531 2356 643 2412 veritus
656 2373 688 2412 se
701 2348 824 2412 credere
839 2353 922 2412 nocti

194 2443 336 2504 Constitit
348 2445 508 2520 Hesperio,
521 2444 626 2522 regnis
636 2445 778 2516 Atlantis,
790 2444 822 2503 in
834 2447 916 2513 orbe3

191 2535 407 2612 Exiguamque
422 2537 497 2611 petit
510 2532 659 2612 requiem}
679 2538 753 2595 dnm
766 2535 890 2596 Lucifer
902 2535 992 2612 ignes

98 2636 104 2644 “
193 2627 308 2686 Evocet
321 2629 463 2696 Aurorae;
483 2645 588 2687 currus
604 2629 862 2687 Auroradiurnos.
933 2630 936 2634 ’

119 2737 122 2744 ·
196 2716 426 2808 iiicffiisominum
439 2719 562 2778 cunctos
576 2719 693 2794 ingenti
704 2737 830 2796 corpore
844 2731 990 2795 praestans
1007 2710 1011 2717 ’
1053 2714 1057 2723 “

193 2809 391 2884 Iapetionides
405 2811 490 2868 Atlas
505 2810 569 2870 fuit.
591 2813 705 2869 Ultima
718 2813 809 2869 tellus

195 2903 282 2977 Rege
297 2905 350 2961 sub
362 2905 429 2970 hoc,
443 2914 474 2961 et
488 2914 594 2977 pontus
609 2915 683 2971 eret,
695 2903 749 2978 qui
762 2901 842 2962 Solis
854 2901 970 2960 anhelis

143 3028 145 3034 ν
195 2993 322 3068 AEquora
337 2995 435 3052 subdit
448 2995 547 3069 equis,
561 3006 591 3054 et
604 2995 702 3053 fessos
714 2995 828 3070 excipit
841 3014 923 3053 axes.

195 3084 282 3146 Mille
296 3103 408 3160 greges
420 3071 473 3152 iili,
486 3081 673 3160 totidemque
686 3089 817 3144 armenta
830 3103 886 3160 per
898 3087 1005 3154 herbas

195 3177 350 3234 Errabants
371 3189 402 3235 et
415 3179 542 3235 humum
559 3174 664 3235 vicinia
676 3181 759 3251 nulla
769 3181 934 3253 premebat
982 3231 993 3246 ,

139 3251 143 3262 ’
188 3257 338 3327 Ἀώοτεεε
353 3268 472 3326 frondes
486 3259 557 3326 auro
570 3269 700 3327 radiante
712 3269 843 3328 virentes
858 3279 861 3282 ⁴

196 3361 244 3420 Ex
258 3381 329 3419 auro
343 3379 453 3426 ramos,
467 3379 506 3418 ex
520 3380 594 3418 auro
608 3378 697 3436 poma
710 3365 860 3437 tegebant.
920 3362 925 3368 ’

195 3453 328 3526 Hospes,
339 3452 378 3508 ait
394 3453 524 3509 Perseus
537 3451 590 3518 ini,
604 3469 658 3508 seu
673 3452 768 3526 gioria
780 3452 875 3528 tangit
965 3475 968 3480 ·

196 3539 243 3599 Te
256 3539 374 3616 generis
387 3542 499 3617 magni:
521 3541 644 3618 generis
657 3541 735 3600 mihi
748 3542 867 3618 Jupiter
875 3544 995 3609 auctos.
1010 3613 1014 3620 ,

196 3632 266 3698 ‚Sive
279 3649 313 3692 es
325 3634 449 3694 mirator
461 3649 574 3706 rerum,
587 3634 734 3696 usirsbere
746 3648 869 3696 nostras
