2450 4009
154 350 202 417 20
434 370 440 384 ·
471 310 765 406 narauonru.

150 486 265 556 Latius,
280 499 331 545 aut
344 486 468 550 tolidem
483 491 604 549 tollebat
618 489 707 548 farris
719 507 853 549 acervos*

149 577 252 657 Hujus
265 579 295 635 in
306 578 428 655 obliquo
443 580 571 640 missum
583 582 666 640 stetit
682 582 805 659 inguine
818 582 960 648 lerrunu

150 672 267 733 Letifer
282 672 333 731 ille
348 676 442 733 loeus.
456 674 556 747 Quem
572 687 733 751 postquam
747 674 879 742 vulneris
891 684 994 735 au'ctor

151 766 372 840 singultantem
387 769 569 837 animarum
582 780 752 827 versantem
766 765 882 827 lumina
892 767 967 826 vidit
1004 812 1008 821 .
1066 819 1071 835 ,

148 858 288 917 Bactrius
302 860 505 934 Halcyoneus,
521 862 597 929 Hoc,
610 863 691 937 quod
707 861 832 934 premis,
844 861 953 936 inquit,
965 861 1082 929 habeto,

148 950 196 1011 De
212 964 255 1009 tot
268 952 358 1025 agris,
373 966 474 1014 terraer
491 972 663 1026 corpusque
678 971 832 1029 exsangue
845 951 977 1027 reliquit.
1054 959 1063 967 '

148 1044 286 1119 Torquet
299 1044 328 1099 in
343 1044 423 1099 hunc
438 1046 552 1101 hastam
567 1043 667 1101 calido
677 1047 715 1101 ‹le
732 1045 854 1101 vulnere
867 1048 986 1117 raptam
1075 1093 1080 1108 .

148 1136 239 1193 Ultor
251 1136 445 1193 Abantiades:
462 1134 563 1194 media
576 1154 645 1210 quae
659 1154 730 1193 nare
746 1149 867 1209 recepta

148 1227 278 1286 Cervice
292 1237 399 1285 exacta
412 1226 502 1286 estin
516 1240 677 1303 partesque
691 1227 808 1287 eminet
818 1230 930 1287 ambas.
990 1222 996 1233 ’
1057 1286 1067 1296 ⁸

147 1318 293 1395 Dumque
305 1312 428 1395 manuni
441 1308 571 1381 Fortuna
582 1320 678 1398 joran
690 1320 893 1398 Clytiumque,
902 1315 1080 1395 Claninque,

147 1412 247 1475 Matre
262 1422 340 1470 satos
354 1430 420 1481 una,
433 1411 553 1471 diverso
563 1414 689 1471 vulnere
703 1412 788 1471 fudit.

147 1506 228 1567 Nam
243 1503 337 1579 Clytii
348 1522 405 1579 per
416 1516 577 1581 utrumque
591 1505 676 1581 gravi
688 1504 791 1564 librata
803 1508 915 1563 lacerto
959 1546 962 1554 ‚
1058 1533 1066 1551 ··

145 1596 298 1655 Fraxinus
310 1610 375 1655 acta
384 1597 493 1663 femur,
504 1598 642 1676 jaculum
658 1597 761 1659 Clanis
771 1618 823 1657 ore
835 1596 1008 1660 momordit.

147 1689 269 1749 Occidit
278 1702 309 1748 et
319 1691 452 1752 Celadon
470 1691 657 1749 Mendesius:
674 1686 785 1751 occidit
798 1694 936 1761 Astreus,
1012 1713 1019 1736 ›·
1111 1732 1113 1736 ·

146 1782 247 1841 Matre
264 1782 422 1865 Palestina',
434 1783 524 1839 dubio
536 1782 673 1857 genitore
686 1794 817 1841 creatus.
868 1799 870 1804 ·

147 1875 327 1952 AEthionque
342 1894 436 1949 sagax
448 1875 600 1951 quondam
615 1888 739 1933 ventura
752 1877 863 1943 villare3

107 2036 111 2049 ι
146 1967 238 2025 Nunc
253 1986 305 2024 ave
320 1970 465 2041 deceptus
481 1968 566 2025 falsa:
579 1966 723 2043 regisque
739 1967 892 2026 Thoactes

146 2056 304 2133 Armiger,
316 2073 346 2115 et
362 2076 442 2117 caeso
455 2058 592 2131 genitore
608 2059 729 2117 infamis
741 2062 882 2135 Agyrtes.

145 2156 219 2215 Plus
232 2165 332 2212 tamen
346 2153 492 2207 exhausto
505 2163 655 2224 superest:
669 2168 799 2224 namque
813 2149 952 2209 omnibus
965 2168 1060 2212 unum

146 2245 330 2322 opprimere
344 2256 392 2303 est
405 2242 533 2301 animus.
549 2242 715 2321 Conjurata
726 2242 859 2317 undique
873 2254 1009 2319 pugnant

146 2338 281 2415 Agmina
295 2357 349 2415 pro
363 2353 452 2398 causa
465 2335 610 2395 meritum
625 2334 824 2413 impugnante
838 2335 1004 2411 iidemque.
1061 2358 1078 2393 .·

147 2434 215 2493 Hae
225 2438 279 2506 ‘pro
292 2444 373 2506 parte
387 2448 474 2489 socer
486 2428 599 2489 frustra
609 2428 689 2505 pius,
703 2442 734 2489 et
747 2447 823 2488 nova
835 2429 947 2507 conjux
982 2479 985 2484 ,
1059 2458 1062 2464 ’

120 2524 122 2534 ’
148 2527 229 2585 Cum
245 2523 401 2602 genitrice,
416 2523 525 2591 favent3
540 2526 717 2598 ululatuque
730 2521 806 2580 atria
818 2525 982 2595 complent.

149 2622 314 2678 Sed'sonus
325 2620 479 2676 armorum
495 2631 625 2693 superat,
636 2617 829 2701 gemitusque
842 2610 1003 2681 ostentum
1073 2646 1076 2649 >

147 2716 343 2787 Pollutosque
358 2712 453 2768 semel
469 2712 565 2769 multo
579 2709 703 2767 Bellona
715 2720 841 2783 penates

135 2794 301 2885 'Sanguine
315 2802 477 2881 perfundiu
494 2813 693 2877 renouataque
709 2799 814 2875 praelia
825 2800 947 2861 miscet.

148 2902 349 2960 circumeunt
363 2918 456 2957 unum
472 2896 614 2961 Phineus,
628 2909 659 2956 et
671 2894 753 2954 mille
766 2893 864 2955 secuti
886 2919 892 2924 ·

148 2993 270 3051 Phinea.
293 2992 369 3047 Tela
380 2994 478 3049 volant
490 2992 613 3049 hiberna
628 2988 773 3070 grandine
787 2989 875 3061 plura

148 3084 266 3143 Praeter
279 3092 442 3155 utrumque
453 3084 541 3147 latus,
555 3093 725 3155 praeterque
736 3092 768 3135 et
781 3082 885 3138 lumen
897 3089 930 3137 et
942 3092 1050 3136 aures..

149 3174 292 3253 Applicat
302 3173 371 3231 hinc
386 3174 531 3232 humeros
546 3173 583 3229 ad
593 3189 711 3250 magnae
727 3188 799 3228 saxa
812 3172 973 3239 columnae;

135 3272 290 3343 ,Tutaque
303 3280 390 3342 terga
403 3282 523 3341 gerens,
537 3267 719 3339 adversaque
734 3262 765 3321 in
779 3262 902 3339 agmina
913 3275 1026 3335 vorsus,

151 3362 288 3419 Sustinet
299 3359 451 3418 instantes.
474 3358 624 3416 Instabant
635 3369 718 3431 parte
733 3355 852 3415 sinistra

95 3485 103 3513 a
151 3452 303 3513 Chaonius
318 3454 469 3528 Molpeus,
482 3452 587 3509 dextra
600 3450 785 3507 Nabathaeos
799 3449 959 3507 Ethemon.
1059 3521 1061 3523 v

152 3545 256 3620 Tigris
270 3558 312 3614 ut,
326 3547 433 3605 auditis
447 3544 565 3603 diversa
578 3548 655 3603 valle
668 3544 798 3600 duorum
863 3600 867 3608 ,

153 3638 354 3699 Exstimulata
365 3640 446 3699 fame
459 3638 627 3717 mugitibus
639 3648 855 3701 armentorum,

226 3722 237 3745 ,
382 3734 387 3741 ,
417 3728 420 3735 .
