2450 4009
144 298 193 375 dl
463 262 759 372 ussrsuouru.
836 328 839 330 Α
887 301 896 310 ·

83 484 86 499 ,
144 434 321 495 Sustinuere
328 430 435 494 'tamen
449 452 481 493 se
495 435 720 510 perlucentibus
732 433 797 495 alis.

143 528 327 603 conataeque
333 525 432 605 loqui,
445 526 605 598 minimam
620 544 676 605 pro
689 545 814 604 corpore
828 545 935 606 rocem

143 619 304 689 Emittunt;
323 630 533 701 peraguntque
546 614 630 701 leues
643 619 771 679 stridore
781 622 930 699 querelasc

142 704 309 786 Tectaque,
322 728 381 771 non
394 710 495 783 silvas„
506 714 670 791 celebrant:
691 714 853 790 lucemque
868 724 987 787 perosae

142 802 241 876 Nocte
255 805 365 882 volant:
382 820 514 880 ,seroque
528 806 651 865 trahunt
664 823 682 863 a
694 823 820 881 vespere
831 823 952 867 nomen.

239 1051 299 1105 Ino
314 1062 343 1106 et
357 1052 509 1116 Melicerta
519 1054 550 1109 in
563 1052 644 1109 Deos
656 1053 800 1110 Morinos.
819 1056 892 1112 sss.
905 1071 953 1114 ιιι.
993 1094 997 1096 Α

179 1168 258 1229 ‘ron
273 1188 345 1230 vero
357 1170 427 1230 totis
440 1170 555 1231 Bacchi
567 1171 763 1247 memorabile
778 1170 895 1244 Thebis

124 1319 127 1323 .
140 1264 264 1323 Numen
277 1274 352 1333 erst3
369 1282 558 1341 magnasque
569 1263 640 1348 noui
652 1274 815 1337 matertera
828 1262 908 1323 vires
986 1316 991 1325 .

73 1422 79 1426 ,
139 1354 251 1422 Narrat
263 1354 376 1431 ubique
391 1355 462 1415 Dei:
484 1358 639 1432 detorque
654 1355 843 1414 sororibus
818 1374 929 1431 expers

140 1448 210 1509 Una
223 1446 343 1505 doloris
337 1446 600 1524 erauuisiquem
614 1447 718 1505 fecere
731 1466 860 1508 sorores
1062 1525 1066 1526 γ

140 1538 281 1614 Adspicit
294 1540 370 1617 lunc
380 1540 470 1613 netis,
481 1542 673 1617 thalamoque
687 1538 880 1600 Athamantis
891 1539 1059 1614 habmttm'
1090 1613 1093 1621 ¹

140 1631 293 1689 Sublimes
305 1632 434 1701 animos,
440 1643 475 1697 et
486 1634 609 1691 alumno
621 1630 757 1706 numine,
769 1632 857 1702 Juno;

139 1722 208 1782 Nec
222 1721 300 1783 tulit:
323 1734 354 1779 et
367 1740 483 1790 secum,
498 1720 599 1781 Potuit
612 1724 650 1783 de
663 1720 773 1803 pellice
786 1714 875 1782 natus

139 1812 271 1872 Vertere
286 1813 440 1882 Maeonios,
454 1816 626 1901 pelagoque
639 1812 837 1890 immergere,
848 1821 963 1893 nautae,

140 1906 180 1967 Et
193 1908 348 1965 laceranda
359 1923 424 1967 suae
438 1904 499 1985 nati
512 1907 583 1964 dere
597 1904 716 1963 viscera
729 1904 829 1977 matri,

140 1998 180 2058 Et
191 1997 327 2085 triplices
339 1996 458 2072 operire
472 1996 557 2055 novis
572 1996 748 2077 Minyeides
760 1995 827 2055 alise

138 2088 192 2149 Nil
203 2088 313 2164 poterit
325 2086 603 2154 Juno‚'n1s11nultos
617 2088 689 2146 flere
704 2085 835 2167 dolores?
885 2109 890 2115 ·

65 2202 70 2215 ·
140 2182 234 2256 idque
247 2178 324 2237 mihi
335 2177 406 2235 satis
419 2177 477 2257 est?
489 2180 565 2264 lraec
579 2196 639 2237 una
651 2178 809 2257 potentia
794 2189 897 2260 nostra
901 2176 973 2263 est?
1059 2193 1070 2243 J

138 2274 209 2349 i'pse
221 2258 317 2333 docet
316 2254 395 2351 quid
404 2290 506 2351 agaim
527 2274 586 2329 Fas
596 2282 639 2330 est
653 2284 680 2328 et
691 2274 727 2329 ab
736 2277 817 2328 hoste
828 2251 935 2330 doceri

139 2365 280 2442 Quidque
294 2365 379 2432 furor
391 2364 496 2435 valeat,
510 2354 645 2443 Penthea
656 2364 742 2427 caede
753 2362 890 2452 satisque

113 2452 116 2458 ’
140 2461 188 2519 Ac
203 2474 295 2533 super
306 2455 443 2517 ostendit.
455 2450 529 2516 Cur
541 2474 602 2533 non
615 2448 796 2527 stimuletur,
809 2467 974 2534 eatque
987 2494 992 2501 -

139 2551 199 2609 Per
211 2562 337 2654 cognata
351 2540 414 2607 suis
427 2551 569 2627 exempla
582 2549 733 2628 furoribus
747 2545 814 2606 Ino?

179 2640 273 2700 Est
247 2638 294 2699 vsa
306 2640 431 2699 declivis
444 2639 562 2699 funesta
574 2639 676 2698 nubila
687 2651 767 2696 taxo:

55 2807 61 2817 .
139 2730 234 2791 Ducit
246 2733 284 2790 ad
297 2730 428 2789 infernas
442 2732 497 2807 per
511 2742 596 2789 muta
608 2728 729 2815 silentia
742 2730 840 2787 sedes.

139 2826 216 2901 Styx
222 2826 348 2897 nebulas
362 2824 484 2881 exhalat
494 2822 587 2905 iners
606 2824 779 2902 umbraeque
792 2832 931 2880 recentes

120 2978 128 2989 X
141 2916 338 2975 Descendunt
352 2914 423 2975 illuc
437 2916 659 2993 simulacraque
672 2914 774 2973 functa
787 2912 963 3000 sepulchris.

24 3014 35 3023 '
136 3009 239 3073 -Pallor
252 3006 422 3083 Hiemsquc
434 3019 536 3067 tenent
548 3006 605 3065 late
617 3010 683 3065 loca
696 3020 788 3064 senta:
808 3004 950 3081 novique,

141 3101 210 3173 Qus
222 3097 259 3156 sit
267 3092 338 3168 iter,
352 3098 471 3167 Manes,
485 3099 620 3175 Stygiam
634 3100 714 3173 quod
723 3096 807 3154 ducit
820 3099 857 3155 ad
870 3100 987 3179 urbem.¹

142 3189 231 3249 Mille
243 3204 337 3264 capax
349 3186 456 3260 aditus,
471 3204 501 3247 et
513 3179 632 3265 apertas
646 3190 779 3265 undique
793 3188 894 3272 portas

143 3284 223 3343 Urbs
238 3284 333 3343 habet.
354 3284 456 3359 thue
470 3282 582 3361 fretum
596 3285 634 3343 de
647 3275 845 3348 tota‘flumina
858 3298 947 3355 terta,

82 3408 84 3411 ·
143 3374 194 3432 Sic
209 3393 315 3433 omues
328 3373 440 3433 animas
454 3377 539 3434 locus
550 3364 662 3453 'accipit
674 3369 740 3445 ille}
757 3394 813 3434 nec
828 3374 884 3433 ulli

143 3464 281 3541 Exiguus
295 3470 405 3543 populo
417 3473 473 3537 est,
484 3456 639 3528 turbamve
647 3470 796 3548 'accedere
811 3464 911 3526 sentit.

144 3557 251 3615 Errant
261 3546 431 3651 exstorques
442 3556 508 3639 sine
521 3577 648 3639 corpore
661 3573 692 3619 et
704 3560 823 3634 ossibus
835 3558 965 3618 umbraec
987 3640 991 3648 ¹
