2450 4009
662 111 668 130 t
696 82 703 109 i

256 192 280 243 N.

135 304 171 367 ,ρ
342 385 350 398 „
467 279 762 363 murinonrn.

146 442 240 501 Lucis
250 458 344 519 egens
357 446 417 500 aer:
431 441 506 501 nulli
516 462 570 503 sua
583 442 680 503 forma
692 448 840 506 manebat.

148 539 350 611 obstabatque
364 534 432 593 aliis
443 534 534 593 eliud:
547 536 619 617 quia
631 556 757 612 corpore
771 539 801 597 in
817 558 876 598 nuo

42 632 46 641 '
144 629 268 705 Frigida
281 630 450 703 pugnabunt
463 629 575 695 calidis,
590 629 745 688 humentia
757 630 863 701 siccis,

146 720 254 779 Mollia
266 739 337 779 cum
351 719 443 787 duris,
458 716 522 777 sine
537 719 669 795 borrdere
683 724 820 780 babentia
832 725 967 798 pondus·
999 754 1002 756 ·

146 816 233 874 Hanc
248 814 333 873 Deus
344 824 376 889 et
388 815 499 871 melior
511 814 595 872 litem
603 818 604 821 ’
612 815 727 874 Natura
739 814 872 878 diremit:

145 908 226 965 Nam
241 909 318 965 coelo
333 915 438 971 terras,
449 916 480 961 et
492 904 579 961 terris
592 906 720 964 abscidit
732 910 838 976 undam

145 1001 186 1058 Et
195 997 343 1075 liquidum
359 996 598 1072 spissosecrevit
611 1000 649 1069 ab
659 1005 730 1057 abre
741 1004 864 1058 coelum.
950 994 953 996 Δ
991 1030 999 1037 ⁴

35 1126 44 1139 ·
144 1094 222 1165 Quae
233 1104 394 1167 postquam
407 1088 526 1159 evolvit,
539 1099 683 1166 caecoque
697 1093 816 1153 exemit
826 1111 945 1164 acervo,

144 1182 314 1242 Dissocis'ta
327 1182 401 1241 locis
413 1183 553 1240 concordi
566 1178 641 1259 pace
655 1184 769 1261 ligavit.

144 1276 239 1354 Ignea
253 1275 379 1335 convexi
393 1274 436 1334 ris
444 1288 487 1333 et
496 1275 560 1335 sine
573 1280 707 1353 pondere
721 1278 788 1338 coeli

144 1370 289 1435 Emicuit,
300 1386 482 1443 ¹summaque
496 1371 597 1427 iocum
613 1370 670 1427 sibi
681 1370 764 1447 legit.
772 1372 803 1429 in
814 1390 898 1429 erce.
975 1392 978 1396 ·

144 1463 306 1521 Proximus
320 1474 366 1519 est
380 1467 431 1519 adr
443 1461 487 1519 ilii
501 1460 630 1531 levitate,
640 1466 778 1538 locoque.
816 1483 820 1489 ¹

109 1619 112 1621 ,
144 1554 277 1612 Densior
290 1554 335 1612 bis
347 1556 447 1623 tellus,
459 1556 671 1629 elementaque
685 1554 812 1631 grandia
823 1555 926 1626 traxit3

144 1648 185 1705 Et
199 1652 302 1726 pressa
315 1657 363 1703 est,
374 1647 518 1719 gravitate
534 1646 590 1703 sui.
605 1646 811 1706 circumfluus
826 1650 934 1707 humor

44 1730 47 1734 ’
123 1741 125 1748 ’
143 1739 260 1798 Ultima
273 1736 414 1832 possedit,
429 1721 622 1813 solidumque
635 1738 771 1797 coercuit
784 1742 898 1798 orbem.

319 2017 324 2030 ἢ
379 1985 512 2043 Hominis
531 1986 656 2043 Cicutio.
670 2004 743 2045 ran.
759 2008 798 2045 11.
816 2045 819 2048 i
876 1997 879 2003 “

124 2146 134 2157 .
183 2107 239 2165 Sic
256 2105 305 2166 ubi
319 2097 502 2180 dispositam,
512 2104 656 2181 quisquis
669 2105 728 2163 fuit
741 2105 793 2163 ille
810 2106 957 2176 Deorum,

74 2212 79 2216 '
104 2225 106 2229 ·
144 2198 329 2276 congeriem
344 2196 450 2265 secuit,
464 2208 639 2273 sectamque
653 2197 685 2255 in
699 2189 836 2255 membra
848 2199 984 2276 redegite

143 2290 295 2367 Principio
308 2302 429 2358 terram,
440 2308 480 2348 ne
494 2308 552 2349 non
567 2287 692 2365 aequalis
703 2292 741 2347 ab
753 2292 835 2348 omni

111 2404 114 2408 ·
143 2387 232 2445 Parte
246 2384 331 2451 foret,
345 2380 447 2459 magni
460 2381 594 2458 speciem
609 2381 787 2459 glomeravit
799 2382 831 2441 in
844 2385 935 2454 orbis,

73 2550 76 2557 ι
144 2476 228 2537 Turn
241 2478 317 2533 freta
330 2475 465 2544 diffundi,
478 2474 649 2551 rapidisque
663 2486 834 2535 tumescere
846 2477 945 2537 'ventis

144 2568 248 2637 iussit,
262 2581 293 2625 et
304 2567 423 2637 ambitae
435 2566 611 2624 circundare
625 2567 725 2624 littora
735 2579 837 2625 terrae.

144 2660 268 2725 Addidit
280 2670 311 2716 et
325 2658 432 2727 sontes,
445 2658 655 2732 immensaque
669 2670 783 2734 stagna,
793 2662 948 2736 lacusque

143 2754 342 2826 Fluminaque
357 2748 488 2824 obliquis
502 2748 597 2807 cinxit
606 2746 738 2807 ‘declivia
745 2749 832 2824 ripis:

140 2848 222 2919 ,Quae
236 2844 351 2904 diversa
363 2842 438 2901 locis
448 2842 560 2918 ‘partim
574 2844 730 2901 sorbentur
741 2844 778 2899 ab
791 2841 866 2917 ipss;

142 2926 276 2997 Inmane
288 2936 467 3012 perveniunt
481 2936 601 3009 partim,
616 2955 783 3011 campoque
797 2950 921 3012 recepta

142 3027 308 3093 Liberioris
321 3045 418 3101 aquae,
432 3026 575 3099 proripis
590 3027 689 3082 littora
702 3030 830 3098 pulsant.

88 3128 92 3133 ’
143 3122 238 3186 Jussit
251 3136 281 3177 et
294 3116 417 3175 extendi
430 3134 562 3191 campos,
576 3115 730 3173 subsidere
745 3118 846 3184 valles,
875 3169 879 3178 ,

141 3219 259 3281 Fronde
272 3211 335 3289 tegi
349 3210 448 3279 silvas,
462 3209 610 3285 lapidosos
626 3226 750 3285 surgere
765 3220 892 3267 montes.

142 3314 247 3387 thue
257 3310 324 3367 duae
339 3306 445 3363 dextra
457 3304 578 3371 coelum,
591 3301 778 3378 totidemque
794 3300 914 3387 sinistra
1003 3339 1008 3346 ·

143 3396 232 3465 Parte
243 3410 344 3459 secant
355 3416 444 3467 zone,
457 3395 561 3472 quinta
571 3407 618 3454 est
629 3396 779 3455 ardentior
792 3394 864 3455 illiso

94 3534 96 3539 ,
145 3496 196 3553 Sic
209 3492 285 3552 onus
299 3492 451 3551 inclusum
464 3508 591 3550 numero
603 3488 740 3549 distinxit
752 3493 861 3568 eodem

144 3588 225 3649 Cura
238 3585 308 3657 Dei,
320 3582 506 3660 totidemque
521 3584 619 3661 piagae
633 3586 740 3644 tellure
754 3592 944 3660 premuntur.
