2450 4009
157 352 225 421 ω
466 323 787 402 vitusrnnton'rnss

176 491 280 564 thue
295 491 399 561 parum
411 481 516 561 justae,
530 483 718 561 nimiumque
731 486 763 545 in
777 484 989 562 pellice'saerae

176 580 322 641 Invidiam
337 577 439 635 fecere
454 578 539 644 Deae,
552 576 688 637 convicia
699 581 777 638 Juno
793 599 796 603 ·
815 610 818 615 ν

112 698 115 707 ·
174 655 244 733 Non
255 671 335 732 tulit:
356 677 396 739 et,
410 668 531 727 Fac-iam
544 689 597 749 ros
611 670 691 747 ipsas
704 672 845 742 maxima,
858 672 944 744 dixit,

175 762 307 822 Saevitiae
321 773 517 821 monumenta
528 772 618 821 meae'.
639 764 701 822 Res
714 765 793 823 dicta
805 779 906 825 secuta
919 777 975 825 est.

173 855 254 915 Nam
268 870 335 930 quae
350 854 502 931 praecipue
515 854 612 913 fuerat
625 855 685 929 pia,
698 858 876 932 Persequar,
890 856 996 931 inquit,

174 950 210 1009 In
224 949 299 1006 freta
311 947 459 1022 reginam:
481 949 647 1021 saltumque
662 949 774 1015 datura,
790 947 904 1006 moveri
923 989 927 994 »
1072 942 1079 951 ’

174 1040 263 1099 Haud
276 1056 403 1113 usquam
418 1037 526 1110 potuita
548 1041 733 1113 scopuloque
747 1040 834 1096 affixa
846 1038 981 1099 colraesit.
999 1035 1002 1061 ³
1075 1108 1079 1115 Ι

173 1133 289 1197 Altera,
301 1130 373 1187 dum
385 1126 473 1186 solito
485 1138 579 1187 tentat
593 1133 736 1205 plangore
752 1132 843 1191 ferire

172 1222 308 1287 Pectora,
321 1230 447 1276 tentatos
461 1221 552 1277 sentit
560 1219 695 1293 riguisse
708 1225 847 1279 lacertos.

173 1316 240 1381 lna,
253 1327 360 1371 manus
373 1320 407 1367 ut
420 1308 495 1367 forte
508 1310 677 1367 tetenderat
691 1310 720 1366 in
733 1300 826 1371 maris
839 1314 941 1383 undas,

172 1408 270 1467 Saxea
282 1404 359 1461 facta
370 1416 477 1459 manus
490 1400 519 1457 in
535 1402 655 1458 casdem
666 1402 796 1478 porrigit
810 1406 915 1461 undasr

173 1497 289 1575 Hujtts
300 1505 334 1553 ut
346 1504 500 1567 arreptum
516 1491 643 1550 laniabat
656 1492 767 1551 veruce
777 1494 905 1566 crinem,

173 1592 306 1650 Duratos
320 1583 415 1645 subito
428 1583 538 1659 digitos
551 1582 582 1639 in
596 1582 680 1641 crine
693 1584 821 1645 videres.
980 1585 983 1591 “

173 1682 243 1754 Quo
255 1696 383 1755 quaeque
396 1674 427 1732 in
441 1688 529 1749 gestu
545 1676 751 1751 deprenditur,
764 1678 853 1737 haesit
865 1677 895 1736 in
909 1678 970 1738 illo.
1015 1690 1018 1695 ·
1076 1695 1080 1703 ·

173 1774 247 1835 Pars
260 1772 396 1829 volucres
408 1760 509 1835 sactae}
528 1785 596 1841 quae
610 1785 690 1825 nunc
703 1785 823 1843 quoque
837 1768 959 1847 gurgite
969 1770 1001 1830 in
1013 1769 1075 1830 ino-

175 1865 304 1943 AEquortt
316 1858 509 1937 destringunt
523 1857 652 1935 sumptis
666 1859 833 1922 Ismenides
846 1860 910 1919 alis.

226 2116 230 2123 “
266 2110 391 2165 Catinam
403 2119 432 2163 et
447 2109 817 2172 HermioneinDraeonea.
837 2126 909 2168 rna.
923 2128 1000 2169 xm.
1098 2163 1101 2167 .

209 2230 337 2289 Nsscrr
353 2225 540 2301 Agenorides
551 2234 652 2284 natam
663 2245 849 2304 parvumque
863 2242 1006 2305 nepotem
1091 2221 1094 2228 ’

67 2372 71 2379 ,
173 2320 313 2397 Equoris
324 2337 393 2377 esse
405 2316 496 2375 Deos.
517 2317 618 2375 Luctu
632 2317 770 2393 serieque
783 2323 935 2380 malorum
977 2323 979 2328 '

172 2412 292 2483 Victus‘,
305 2425 336 2471 et
349 2408 484 2475 ostentis,
498 2427 566 2491 quae
580 2410 712 2485 plurima
726 2410 850 2482 viderat,
864 2415 930 2474 exit

172 2505 319 2565 Conditor
331 2506 403 2562 urbe
418 2522 481 2571 sua,
494 2514 635 2578 tanquam
649 2503 766 2562 fortuna
777 2508 924 2575 locorum,
971 2486 978 2503 x

132 2632 137 2645 ι
172 2597 243 2657 Non
257 2612 311 2652 sna
326 2612 358 2653 se
368 2607 530 2668 premeret:
552 2593 710 2668 longisque
724 2594 869 2655 erratibus
882 2609 967 2656 actus

172 2685 306 2761 Contigit
320 2684 455 2759 Illyricos
469 2682 595 2759 profuga
608 2702 678 2741 cum
692 2685 824 2762 conjuge
835 2686 919 2746 fines.
1004 2696 1007 2705 '

172 2780 300 2855 Jamque
314 2776 401 2835 malis
415 2772 560 2850 annisque
574 2793 689 2851 graves,
702 2777 774 2834 dum
787 2777 885 2851 prima
897 2792 1058 2845 retractant
1100 2854 1104 2860 1

141 2934 142 2952 ¹
171 2873 243 2932 Fata
256 2874 372 2937 domus,
386 2870 583 2952 releguntque
596 2856 669 2926 'suos
682 2871 822 2930 sermone
834 2871 960 2943 labores

171 2962 254 3024 Num
269 2980 354 3021 sacer
366 2961 417 3019 ille
430 2979 500 3019 mea
511 2960 656 3039 trajectus
668 2962 795 3035 cuspide
807 2981 943 3037 serpens.

171 3056 305 3113 Cadmus
317 3052 368 3119 ait,
381 3049 484 3117 fuerin
504 3062 580 3117 tum,
595 3070 666 3119 cum
681 3052 791 3109 Sidone
805 3054 957 3125 profectus

172 3146 324 3224 Vipereos
338 3141 432 3225 sparsi
445 3158 498 3231 per
511 3144 639 3201 humum
650 3159 727 3200 nova
736 3142 852 3215 semina
865 3146 984 3206 dentes?

172 3242 273 3315 Quem
289 3236 315 3296 si
330 3234 516 3296 cura'lletim
531 3247 592 3294 tam
606 3247 687 3292 certa
702 3233 831 3294 vindicat
843 3235 900 3307 ira,

172 3336 243 3409 Ipse
257 3349 364 3409 precor
376 3345 502 3403 serpens
515 3327 545 3387 in
556 3330 677 3402 longam
689 3326 826 3403 porrigar
839 3330 948 3387 alvum.

172 3426 268 3484 Dixit.-
288 3436 329 3491 et,
342 3436 375 3481 ut
389 3440 522 3497 serpens,
535 3418 566 3477 in
579 3422 699 3493 longam
712 3420 843 3478 tenditur
854 3423 966 3490 alvutm

173 3516 356 3588 Durataeque
369 3514 430 3573 cuti
445 3510 765 3589 squamasincrescere
781 3510 880 3582 sentit,

173 3605 333 3685 Nigraque
347 3604 487 3668 caeruleis
498 3602 606 3667 variari
619 3622 743 3681 corpora
755 3600 859 3682 guttist
