2450 4009
447 322 525 384 LIB.
538 321 579 381 V.
598 322 692 381 ΓΑΒ.
706 320 781 381 v11.

146 471 163 530 J
166 486 221 527 ura
231 466 278 529 sui
290 484 434 537 mterens,
446 465 658 528 inconsolabile
671 471 778 527 vulnus

144 560 253 620 Mente
268 561 347 637 gerit
358 561 456 619 tacita:
471 560 675 637 lacrymisque
687 556 857 619 absumitur
868 558 979 617 omnis:

146 656 198 720 Et,
209 672 339 729 quarum
351 654 450 713 suerat
462 672 610 731 magnum
624 656 715 713 modo
725 653 891 720 numanis
904 651 971 711 illae

146 748 336 827 Extenuqtur
344 766 449 821 aquas.
471 745 590 806 Molliri
603 749 741 804 membra
753 746 882 803 videres:

146 842 230 899 Ossa
241 838 301 914 pati
314 838 421 897 flexuae
435 856 556 915 ungues
569 838 705 919 posuisse
719 822 864 913 citiorem:

145 932 308 1006 Primaque
321 934 357 991 de
370 942 433 990 tota
444 930 625 989 tenuissima
636 949 764 1007 quaeque
779 929 962 1005 liquescunt;

147 1023 280 1083 Caerulei
294 1023 402 1092 crines,
416 1023 572 1098 digitique,
583 1036 613 1081 et
627 1041 726 1092 crura,
738 1023 905 1097 pedesque:

147 1118 230 1175 Nam
245 1116 341 1173 brevis
354 1116 384 1173 in
399 1115 511 1189 gelidas
525 1113 673 1173 membris
683 1113 813 1171 exilibus
829 1116 921 1192 undas

134 1208 310 1297 'Transitus
323 1220 379 1267 ests
401 1220 470 1284 post
491 1210 557 1267 haec
577 1219 772 1282 tergumque,
785 1207 977 1282 humerique,
990 1207 1068 1267 latus

266 1320 338 1377 que,
415 1348 420 1353 .
471 1353 475 1363 .

149 1396 331 1472 Pectoraque
343 1394 374 1453 in
385 1407 494 1455 tenues
506 1396 617 1455 abeunt
629 1393 753 1453 evanida
766 1392 856 1453 rivos.
973 1433 977 1442 .

150 1486 291 1564 Denique
304 1506 360 1563 pro
372 1488 440 1550 viro
453 1485 569 1547 vitiatas
582 1486 729 1561 sanguine
742 1505 832 1547 venas

148 1582 289 1657 Lympha
301 1580 391 1639 subita
404 1592 556 1654 restatque
567 1579 655 1647 nibil,
667 1581 747 1653 quod
758 1580 905 1651 prendere
915 1577 1032 1653 possis..

374 1832 458 1890 Puer
469 1835 501 1889 in
517 1832 684 1889 Stellionem.
704 1849 777 1893 nn.
793 1852 854 1892 vn.

189 1952 338 2013 Inrenun
350 1949 466 2026 pavidae
478 1951 678 2027 nequicquam
690 1952 853 2013 titianeni

152 2045 302 2105 Omnibus
313 2057 360 2101 est
370 2046 471 2109 territa
483 2046 565 2103 omni
579 2045 707 2120 quaesita
719 2045 887 2119 profundo.¹

151 2139 237 2195 Illam
251 2154 308 2195 non
323 2135 421 2198 rutilis
436 2137 559 2195 ueniens
572 2139 694 2197 Aurora
706 2138 825 2214 capillis

152 2230 329 2287 cessantem
344 2228 425 2294 vidit,
437 2234 496 2287 n'on
511 2232 680 2306 Hesperus.
702 2235 757 2291 llla
769 2235 887 2293 duabus

151 2322 346 2381 Flammifera
359 2322 448 2395 pinus
462 2324 599 2383 manibus
608 2326 767 2385 succendit
780 2330 816 2384 ab
829 2330 925 2396 AEtna,

152 2416 271 2493 Perque
286 2414 441 2488 pruinosas
454 2416 521 2473 tulit
533 2417 697 2491 irrequieta
709 2422 855 2477 tenebras.

154 2510 281 2575 Rursus,
294 2520 325 2566 ut
338 2510 418 2565 alma
432 2506 495 2565 dies
508 2510 659 2567 hebetem
672 2509 779 2578 sidera,
790 2522 894 2570 natam

153 2604 230 2661 Solis
243 2603 278 2659 ad
292 2618 444 2665 occasum,
457 2599 530 2659 solis
543 2606 698 2677 querebat
710 2606 746 2670 ab
759 2616 838 2664 ortu.

150 2699 246 2755 -Fessa
256 2688 354 2753 labore
368 2694 448 2754 altien
462 2698 638 2773 collegeram
650 2716 763 2773 oraque
776 2702 850 2758 nulli

153 2786 444 2849 Colluerant·iontes=
459 2808 530 2851 cum
543 2798 656 2849 tectam
669 2791 812 2849 stramine
824 2791 897 2851 vidit

152 2884 242 2940 Forte
256 2900 367 2939 casam:
382 2890 548 2954 parvasque
556 2881 643 2939 -fores
651 2883 793 2956 pulsavit}
807 2885 918 2941 atinde

152 2973 256 3033 Prodit
267 2990 351 3039 anus,
365 2971 537 3045 meamque
549 2971 642 3039 videta
656 2974 872 3049 lymphamque
885 2977 1003 3051 roganti
1057 2966 1064 2979 ’

153 3067 252 3124 Dulce
260 3060 541 3138 deditdtosta‘quod
553 3077 678 3125 coxerat
690 3077 758 3123 ante
772 3068 900 3139 polenta.
915 3079 919 3085 ⁴

153 3160 237 3217 Dum
247 3154 389 3219 albinius
401 3158 515 3223 daturam
529 3158 596 3217 dari
610 3176 688 3234 puer
701 3158 774 3228 oris,
786 3172 819 3230 et
829 3162 926 3219 audax

154 3249 298 3310 Constitit
308 3261 377 3306 ante
395 3249 504 3331 Dearm
518 3249 654 3326 risitque,
663 3252 846 3327 avidamque
859 3252 983 3332 vocavite

91 3366 93 3371 ¹
154 3346 280 3403 Offensa
292 3350 349 3398 est:
364 3356 463 3414 noque
477 3343 576 3399 adhue
586 3356 675 3419 epota
687 3356 772 3419 parte
785 3346 957 3418 loquentem

154 3436 235 3495 Cum
246 3432 615 3511 liquidomisrnperfudit
626 3436 705 3495 Dina
716 3438 846 3509 polenta.
917 3462 921 3467 ·
1039 3430 1044 3436 ⁴

155 3526 305 3587 Combibit
316 3544 351 3583 os
364 3528 507 3592 maculas,
522 3536 568 3593 et,
576 3546 635 3603 qua
646 3530 739 3594 modo
748 3521 873 3586 brachia
880 3528 985 3604 gessit,
1045 3556 1049 3563 ·

155 3620 254 3679 Crura
265 3619 464 3705 geritrtomrda
477 3623 765 3683 estmutatisatldita
777 3622 933 3683 membriss
1028 3623 1046 3661 ·'

782 3714 813 3774 H
829 3718 846 3770 2
