2450 4009
186 322 256 387 110
481 314 785 377 ’ΜΕΤΑΜΟΒΡΗο

180 458 234 515 Nil
246 457 303 516 illis
315 458 438 517 vetitum
450 470 503 527 ,esu
516 459 806 537 incommendataque
819 463 907 522 tellus

147 578 150 583 ·
181 551 298 617 Omnis,
308 561 338 607 et
349 564 436 607 omne
449 548 567 608 fretum.
587 552 660 609 Coeli
672 571 787 626 quoque
801 554 899 612 nubila
911 566 1028 624 vesunu
1056 626 1060 630 ,
1094 618 1097 625 ,

179 642 399 716 Excutiuntque
413 641 481 701 seris
496 641 601 709 rutilos
610 644 802 705 concursibus
814 647 907 721 ignes.

179 734 247 806 Quo
261 735 355 809 magis
369 734 423 795 hos
436 732 512 803 nori,
525 724 606 809 (riam
620 733 697 801 novi,
710 747 741 795 et
750 754 829 809 saepe
845 748 964 810 paterna

178 826 273 884 Parve
285 827 375 883 domo
388 824 468 901 vidi)
481 823 579 899 magis
593 828 647 883 hoc
661 844 727 883 reor
735 846 801 884 esse
814 829 966 888 timendos.

147 915 151 919 ’
178 918 266 990 Quod
278 932 328 979 tua
341 918 367 975 si
380 918 458 975 flecti
471 918 607 991 precibus
619 919 759 976 sententia
770 919 869 986 nullis,

99 996 101 1001 ’
177 1011 264 1076 Cere,
277 1020 381 1088 potest,
391 1007 510 1083 conjux;
524 1004 711 1082 nimiumque
723 1029 756 1065 es
767 1022 867 1068 certus
877 1010 975 1082 eundi,-
1058 998 1063 1001 ⁶

176 1103 231 1161 Me
244 1119 362 1176 quoque
376 1101 443 1158 tolle
456 1101 557 1159 simul.
576 1100 664 1157 Certe
677 1100 854 1179 jactabimur
867 1120 937 1159 unas

176 1194 252 1262 Nec,
266 1182 320 1251 nisi
334 1210 400 1267 quae
414 1192 516 1275 patiar,
528 1202 673 1248 metuam:
686 1193 852 1266 pariterque
864 1192 996 1253 feremus

174 1284 326 1359 Quicquid
339 1284 405 1342 eritr
419 1284 526 1367 pariter
538 1300 630 1355 super
641 1301 762 1359 aequore
774 1285 832 1341 lata
845 1283 983 1346 feremur.

175 1375 302 1435 Talibus
315 1375 441 1433 AEolidos
454 1373 540 1433 dictis
554 1377 751 1449 lacrymisque
767 1390 902 1433 movetur

174 1468 315 1527 Siderous
328 1465 448 1543 conjure:
464 1483 560 1541 neque
574 1467 655 1528 enim
669 1467 766 1526 minor
778 1466 856 1543 ignis
866 1469 898 1525 in
910 1468 976 1543 ipsu
988 1476 1040 1530 est.

174 1560 235 1618 Sed
246 1576 344 1633 neque
354 1556 518 1635 propositos
530 1556 628 1633 pelagi
639 1558 785 1631 dimittere
800 1577 917 1630 cursus,
1008 1610 1011 1615 .

173 1651 240 1709 Nec
253 1652 315 1708 vult
329 1646 522 1723 Halcyonen
514 1665 544 1707 ru
557 1658 672 1723 partem
681 1645 815 1725 adhihere
829 1651 945 1729 pericli·

165 1740 330 1817 Multaque
343 1740 489 1815 respondit
502 1737 641 1799 timidum
653 1743 772 1821 solantia
785 1756 898 1818 pectus

171 1834 241 1891 Nec
254 1843 353 1893 tamen
365 1831 475 1905 idcirco
490 1849 610 1895 causum
623 1815 734 1906 probat.
753 1834 875 1906 Addidit
881 1836 1003 1900 illis

172 1923 242 1982 Hoc
252 1936 370 1998 'quoque
384 1921 524 1989 lenimen,
537 1939 596 1999 quo
606 1924 667 1981 solo
681 1921 770 1982 flexit
775 1939 934 1991 amentem·

151 2085 155 2095 s
172 2016 276 2089 Longa
289 2014 411 2088 quidem
424 2011 508 2079 nobis
520 2014 618 2081 omnis
630 2034 721 2075 mora·
736 2015 786 2074 sed
800 2016 872 2075 tibi'
862 2037 933 2095 jum

172 2106 231 2164 Per
244 2102 351 2179 patrios
364 2104 450 2176 ignes
463 2102 503 2177 (si
517 2121 566 2163 nte
579 2108 668 2179 modo
682 2105 739 2165 fata
751 2107 917 2185 remittent)
1040 2169 1044 2173 ,
1074 2180 1081 2185 ἱ

170 2198 262 2257 'Ante
267 2211 465 2260 reversurum,
478 2212 568 2267 quam
583 2196 668 2255 Luna
680 2196 725 2253 bis
735 2197 857 2274 impleat
868 2202 992 2268 οιδειι,

170 2290 229 2347 His
241 2287 291 2346 ubi
304 2282 458 2367 promitis
471 2302 545 2365 spes
550 2298 594 2351 est
607 2288 724 2345 admota
735 2306 888 2358 recursus·

170 2379 309 2441 Protinus
321 2378 455 2437 eductam
468 2375 621 2439 navalibus
632 2396 751 2474 aequore
765 2380 850 2457 tingi,

170 2473 336 2545 Aptarique
350 2468 410 2529 suis
424 2468 526 2544 pinum
540 2467 623 2545 jubet
635 2450 832 2544 armamentis.

170 2562 238 2633 Qua
250 2579 352 2623 rursus
365 2561 436 2625 visa,
448 2558 538 2619 veluti
551 2576 686 2642 praesaga
699 2561 800 2634 futuri,

104 2647 108 2655 ’
123 2645 127 2653 ’
169 2652 294 2711 Horruit
309 2652 469 2725 Halcyone:
484 2652 690 2727 lacrymasque
701 2651 801 2709 emisit
812 2654 936 2727 obortus·

167 2740 397 2819 Amplexuaque
409 2740 498 2798 dedit.
513 2738 647 2816 tristique
662 2741 828 2804 miserrima
820 2719 957 2820 {endem
1041 2757 1048 2813 ζ

168 2841 242 2907 Ore,
256 2836 339 2902 Vale,
351 2832 434 2891 dixin
446 2834 630 2913 collapsaque
643 2851 764 2909 corpore
777 2846 838 2893 tota
848 2847 902 2896 est.

168 2926 246 2987 Ast
237 2944 368 3006 juvenes,
381 2936 531 2999 quaerente
543 2942 641 2989 moras
654 2925 763 3000 Ceyce,
775 2928 920 2988 reducunt

168 3018 328 3079 Ordinibus
340 3014 468 3092 geminis
480 3016 516 3073 ad
530 3014 615 3073 fortia
626 3030 746 3095 pectore
757 3036 865 3077 remos:

168 3108 340 3184 AEquelique
352 3106 410 3163 ictu
424 3104 562 3162 scindunt
574 3104 657 3165 sretn
673 3108 801 3184 Sustulit
809 3109 858 3168 ills

167 3200 336 3260 Humentes
349 3198 459 3267 oculoq
475 3208 662 3271 stantemque
675 3199 703 3255 in
717 3215 817 3277 puppe
829 3217 961 3279 rectum,

168 3289 378 3378 Concussdque
392 3305 482 3347 manu
497 3288 615 3351 dautem
628 3288 719 3350 sibi
697 3308 787 3368 signa
793 3292 937 3369 maritum

165 3384 268 3443 Pruna
279 3383 369 3449 videt
383 3378 533 3454 redditque
547 3392 639 3442 notas
659 3377 942 3459 Ubiterrureeessit

166 3473 406 3551 Longius‚atque
419 3472 496 3557 oculi
510 3485 847 3554 ιιιιιιιίιοὲρΜοίριιι
858 3480 968 3551 ΝΜ
1041 3461 1045 3467 .
1086 3497 1089 3504 “
