2450 4009
381 354 737 461 ‘mmmm

112 512 200 575 Neve
214 514 255 575 sit
267 506 428 577 errandum
439 518 499 575 lato
514 512 709 593 spatiantibus
721 533 801 586 arvo;

111 605 300 667 Conveniam
309 608 345 666 ad
357 610 441 667 busta
451 607 535 667 Nini:
558 611 730 686 lateantque
745 608 800 665 sub
811 606 919 666 umbre

112 698 249 757 Arboris.
269 701 370 759 Arbor
382 700 433 773 ibi,
444 700 542 761 niveis
555 701 711 759 uberrima
722 701 830 777 pomis,

113 792 219 851 Ardua
230 810 343 861 morus,
356 804 431 863 erat,
444 792 544 870 gelido
555 792 742 852 contermina
754 791 840 862 sonti,

112 883 207 943 Pacta
219 888 347 959 placent:
368 899 400 946 et
413 888 476 956 lux,
490 888 573 945 tarde
588 885 745 945 discedere
758 884 831 954 visa,

112 974 324 1051 Praecipitatur
333 978 430 1055 aquis,
442 990 473 1038 et
486 976 571 1056 aquis
583 998 643 1038 nox
659 977 757 1055 surgit
770 980 805 1035 ab
819 976 927 1036 isdem.

112 1068 228 1127 Callida
237 1086 293 1145 per
305 1068 453 1140 tenebras,
465 1082 584 1129 versato
599 1068 733 1139 cardine,
745 1068 859 1129 Thisbe

112 1152 289 1237 Egreditur,
301 1162 434 1241 fallitque
448 1183 531 1223 suos:
552 1164 755 1243 adopertaque
769 1168 888 1225 vultum

112 1252 254 1312 Pervenit
267 1256 303 1313 ad
316 1258 480 1325 tumulum
500 1257 638 1333 dictaque
652 1260 707 1315 sub
720 1260 823 1316 arbore
838 1255 925 1316 sedit.

115 1342 271 1405 Audacem
286 1346 413 1406 faciebat
425 1367 519 1408 amor.
542 1348 636 1407 Venit
650 1367 721 1407 ecce
736 1347 851 1408 recenti

11 1460 12 1463 ¹
56 1496 62 1515 ⁸
113 1436 206 1495 eade
219 1436 417 1500 leaenaboum
432 1454 607 1517 spumantes
619 1443 709 1501 oblita
726 1440 829 1513 rictus,

115 1526 298 1603 Depositura
311 1530 394 1591 sitim
407 1532 498 1590 vicini
512 1532 601 1590 fontis
615 1534 646 1591 in
662 1534 750 1592 unda.

113 1619 214 1692 Quam
226 1621 333 1696 procul
346 1624 383 1681 ad
397 1624 491 1681 Lunae
506 1624 603 1679 radios
616 1622 779 1698 Babylonis
792 1620 907 1681 Thisbe

114 1710 211 1770 Vidit·
233 1723 265 1771 et
278 1714 443 1772 obscurum
457 1706 575 1791 trepido
588 1715 666 1790 pede
679 1712 782 1785 fugit
773 1732 803 1772 1n
817 1727 944 1777 antrum

114 1790 259 1879 Dumque
273 1802 361 1881 legib
382 1818 470 1884 tergo
483 1802 633 1867 velamina
644 1808 727 1881 lapsa
739 1806 891 1884 relinquit

114 1894 158 1952 Ut
171 1898 217 1953 lea
231 1914 310 1954 saeva
325 1896 408 1955 sitim
421 1902 517 1957 multa
531 1896 722 1972 compescuit
736 1898 826 1969 unda,

112 1984 197 2046 Dum
209 1986 307 2046 redit
300 2008 329 2047 1n
346 1989 466 2059 silvas'
457 1984 595 2049 cnventos
608 1987 722 2046 forte
699 2006 762 2048 stne
775 1989 840 2066 ipsa

114 2076 177 2137 Ore
191 2090 346 2139 cruentato
360 2093 465 2139 tenues
478 2072 601 2141 laniavit
611 2079 751 2140 amictus.

115 2166 220 2228 Serius
234 2190 377 2247 egressus
391 2172 519 2249 vestigia
533 2172 608 2233 vidit
620 2172 650 2233 in
664 2176 726 2232 alto

11 2338 13 2343 Ι
115 2262 242 2322 Pulvere
254 2279 336 2323 certa
349 2266 432 2333 ferae,
446 2279 568 2342 totoque
584 2266 732 2342 expalluit
745 2284 796 2327 ore

114 2354 268 2430 Pyramus.
289 2356 333 2414 Ut
344 2376 415 2415 vero
428 2370 545 2425 vestem
559 2377 680 2433 quoque
696 2355 841 2433 sanguine
853 2356 977 2418 tinctam

115 2446 272 2523 Repperit;
293 2450 362 2505 Una
375 2449 480 2516 duos‚'
472 2448 579 2525 mquit,
593 2468 654 2505 nox
668 2450 774 2523 perdet
786 2461 933 2518 amantes;

116 2540 142 2599 E
154 2540 263 2617 qulbus
274 2538 326 2599 illa
339 2538 396 2600 fuit
410 2543 500 2620 long‘a
510 2538 689 2619 dignissima
703 2540 769 2597 vita.

116 2632 226 2691 Nostra
238 2628 346 2691 nocens
359 2632 459 2693 anima
472 2645 526 2693 ost.
549 2634 618 2711 Ego
632 2645 672 2703 te,
684 2631 860 2702 miseranda,
872 2635 992 2711 peremi

115 2724 148 2782 ln
162 2727 227 2783 loca
240 2726 328 2819 plena
341 2730 442 2787 metus
456 2724 508 2803 qui
519 2726 599 2805 jussi
612 2739 701 2785 nocte
716 2722 846 2784 venires.

115 2817 180 2875 Nec
193 2812 277 2891 prior
290 2820 349 2877 huc
364 2820 441 2877 veni.
461 2820 610 2877 Nostrum
624 2817 758 2876 divellite
772 2834 895 2891 corpus,

115 2907 155 2965 Et
167 2908 311 2967 scelerata
321 2909 385 2967 fero
396 2908 563 2967 consumite
578 2908 696 2965 viscera
709 2925 824 2974 morsu,

116 3000 143 3055 0
154 2999 327 3075 quicunque
339 2999 394 3059 sub
407 2984 463 3057 hic
477 2997 617 3057 habitatis
628 3016 712 3072 rupe,
726 2992 838 3054 leones!

115 3092 172 3146 ded
183 3094 277 3149 timidi
289 3105 333 3150 est
348 3102 451 3162 optare
464 3110 569 3149 necem.
591 3089 754 3148 Velamina
766 3084 907 3163 Thisbes

77 3196 86 3213 ·
115 3180 219 3252 Tollit,
233 3185 312 3243 etad
328 3197 422 3261 pactae
438 3202 543 3243 secum
557 3182 616 3241 fert
630 3180 743 3240 arboris
756 3185 905 3241 umbram.

85 3274 88 3280 “
115 3275 219 3351 thue
232 3274 316 3335 dedit
327 3287 406 3333 notae
420 3278 576 3353 lacrymas,
589 3274 672 3334 dedit
685 3278 787 3333 oscula
798 3274 886 3332 vesti:

114 3365 230 3442 Accipe
241 3382 331 3435 nunc,
344 3358 450 3441 inquit,
464 3367 558 3426 nostri
572 3387 692 3443 quoque
706 3364 861 3443 sanguinis
874 3367 1011 3437 haustum

115 3456 246 3533 Quoque
258 3470 323 3517 erat
336 3459 497 3527 accinctos,
510 3461 641 3519 demittit
653 3460 683 3518 in
696 3458 748 3540 ilia
757 3458 883 3517 ferrum.

114 3548 181 3607 Nec
194 3568 290 3619 mora3
312 3550 439 3609 ferventi
454 3551 585 3609 moriens
600 3571 617 3631 e
631 3554 754 3610 vulnere
768 3548 866 3611 traxit.

115 3638 159 3698 Ut
168 3639 262 3719 jacuit
276 3643 436 3719 resupinus
451 3640 547 3713 humi,
561 3660 651 3701 cruor
665 3642 776 3701 emicat
784 3636 855 3719 altep

784 3732 808 3788 F
