2450 4009
424 368 758 443 .mumm
1016 376 1064 443 ῃ

134 517 231 595 (illam
245 514 393 595 Ligurum
405 520 531 592 populos
543 524 573 573 et
583 532 706 591 magnas
717 524 833 575 rexerat
845 514 946 593 urbes)

134 611 280 686 Imperio,
294 610 372 685 ripas
385 608 492 669 virides
504 626 685 684 amnemque
698 592 831 683 querelia‘

133 704 301 763 Eridanum
314 702 461 779 implerat,
474 701 638 779 silvamque
651 704 801 762 sororibus
813 713 941 761 auctam:
958 714 962 720 ’

135 796 219 855 Cum
230 813 286 853 vox
301 807 346 854 est
357 806 474 854 tenuata
486 794 558 853 viro:
578 810 721 870 canaeque
735 796 856 870 capillos

135 885 334 947 Dissimulant
345 890 468 965 plumae;
484 889 652 963 collumque
663 908 681 945 a
691 900 810 963 pectore
824 888 948 963 longum

138 978 312 1055 Porrigimr,
323 980 488 1057 digitosque
501 980 572 1057 ligat
582 978 723 1059 junctura
735 983 882 1040 rubentes:

140 1072 238 1130 Panna
250 1076 326 1133 latus
335 1074 432 1142 vestit;
452 1085 530 1132 tenet
539 1092 573 1133 os
584 1073 649 1133 sine
661 1074 800 1133 acumine
813 1086 953 1133 mstrum=

138 1164 186 1223 Fit
199 1182 272 1223 nova
285 1166 406 1240 Cycnus
418 1166 488 1235 anis3
508 1183 563 1225 nec
578 1185 609 1224 se
622 1169 758 1243 coelnque
772 1166 898 1243 Jovique

139 1258 250 1328 Credit,
260 1270 293 1317 ut
305 1257 415 1337 injuste
428 1255 512 1317 missi
526 1277 642 1319 mernor
654 1258 732 1335 ignis
746 1260 783 1317 ab
791 1258 850 1316 illo.

138 1350 248 1427 Stagna
257 1350 339 1425 petit,
351 1352 634 1426 patulosque-lacus:
651 1350 815 1427 ignemque
829 1366 961 1425 perosus,

139 1444 215 1516 Qnae
230 1444 315 1511 colat,
326 1446 417 1519 elegit
429 1446 574 1500 contraria
587 1442 711 1505 flumina
723 1441 863 1500 dammis.

177 1534 337 1611 Squalidus
348 1538 458 1593 interea
471 1536 585 1609 genitor
600 1533 804 1601 Phaethontis,
816 1546 846 1591 et
857 1550 968 1609 expers

139 1628 208 1704 lpse
220 1626 269 1683 sui
277 1626 400 1693 decoris,
413 1628 517 1699 qualis,
531 1642 604 1682 curn
614 1624 716 1681 deficit
728 1628 852 1695 omem„

138 1722 214 1779 Esse
227 1720 314 1777 solet:
335 1720 493 1793 lucemque
503 1717 575 1784 odit,
588 1719 679 1791 seque
692 1716 765 1791 ipse,
775 1716 928 1793 diemque:

138 1814 257 1890 Datque
270 1813 402 1873 animum
416 1812 445 1869 in
459 1814 566 1880 luctum
587 1821 618 1869 et
628 1809 755 1869 luctibus
764 1808 862 1889 adjicit
877 1808 963 1869 imme

140 1905 342 1983 Officiumque
355 1914 442 1979 negat
454 1905 575 1965 mundo.
595 1904 682 1971 Satin,
691 1903 796 1977 inquit,
807 1904 844 1959 ab
856 1901 914 1961 aeri

139 1999 210 2057 Sors
223 2016 291 2057 mea
304 1994 457 2073 principiis
471 1994 525 2053 fuit
541 1994 713 2071 irrequietas
733 1995 874 2070 pigetque

140 2094 286 2152 Actorum
299 2090 361 2147 sine
374 2088 432 2153 fine
445 2086 530 2156 mibi,
542 2088 604 2147 sine
620 2090 739 2155 honore,
749 2090 892 2149 laborum.

142 2184 270 2256 Quilibet
282 2184 429 2259 alteragat
442 2195 589 2257 portantes
604 2181 717 2240 lumina
729 2200 844 2240 currus.

143 2276 175 2334 Si
185 2294 274 2334 nemo
284 2286 337 2344 est,
350 2294 512 2351 omnesque
526 2276 576 2333 Dii
588 2294 645 2334 non
658 2294 745 2350 posse
758 2277 894 2343 latenturr

142 2370 211 2444 lpse
224 2381 303 2447 agat:
324 2379 356 2425 ut
369 2371 482 2435 saltem,
495 2370 567 2427 dum
580 2380 696 2427 nostras
711 2378 802 2425 tentat
817 2369 952 2435 habenas,

142 2466 288 2523 Orbatura
301 2471 398 2537 patres
410 2461 564 2535 aliquando
577 2461 702 2519 fulmina
714 2470 812 2534 ponat.

143 2556 225 2614 Tum
238 2554 319 2623 sciet,
329 2551 502 2629 ignipedum
517 2550 594 2610 vires
606 2564 747 2626 expertus
759 2568 916 2628 equorum,

143 2650 210 2707 Non
222 2649 368 2707 meruisse
379 2664 495 2715 necem,
509 2645 562 2722 qui
573 2664 632 2704 non
644 2650 718 2704 bene
732 2646 932 2705 rexerit'illos.
1041 2666 1046 2673 ’

144 2741 227 2799 Talia
240 2739 385 2799 dicentem
399 2740 589 2799 circumstant
599 2738 702 2797 omnia
715 2740 815 2798 Solem

144 2834 291 2893 Numinat‘
307 2850 381 2891 neve
391 2835 460 2893 velit
473 2822 606 2891 tenebras
621 2833 761 2892 inducere
775 2835 874 2899 rebus,

145 2927 285 3004 Supplice
298 2945 370 2983 voce
380 2938 492 3001 rogant.
514 2924 627 2981 Missos·
635 2941 753 2994 quoqne
764 2922 880 2995 Jupiter
890 2919 977 2997 ignes

144 3020 285 3086 Excusat,
299 3019 493 3093 precibusque
507 3011 603 3072 minas
618 3012 755 3088 regaliter
766 3013 853 3071 addit.

147 3110 286 3193 [Colligit
299 3122 442 3179 amentes,
454 3100 590 3168 et‘adnnc
603 3119 719 3166 tenure·
728 3120 877 3181 parentes,

144 3205 275 3264 Phoebus
287 3222 390 3279 equos:
410 3202 734 3277 stimuloque’tlomans
743 3204 915 3268 etverbere,
929 3200 1029 3261 aaeritr

146 3297 239 3360 sevit
252 3298 344 3369 enim,
356 3307 519 3374 natumque
530 3294 669 3374 objectat,
681 3306 712 3354 et
720 3294 845 3371 imputat
856 3290 942 3372 illis]

723 3456 755 3517 D
