2450 4009
355 745 930 865 Mnunnnnrnnsunu

533 982 664 1079 Lmen
685 1019 756 1077 xv.
783 1074 787 1081 .

260 1243 436 1315 Pythagora
452 1242 564 1311 Oratio,
576 1229 692 1299 ailina
706 1242 843 1298 Carnium
855 1242 1019 1297 aehortam.
1056 1248 1060 1255 “

584 1352 656 1393 nne.
672 1353 711 1393 ιι.

146 1512 149 1519 ·
182 1456 277 1557 Vm
289 1497 348 1558 fuit
359 1497 408 1555 hie
422 1508 490 1557 ortu
504 1496 636 1557 Samium
651 1499 705 1555 eed
720 1495 839 1571 fugerat
850 1511 910 1553 une

182 1592 223 1651 Et
237 1594 346 1649 Samon
360 1602 391 1649 et
404 1591 552 1659 dominon
566 1590 695 1665 odioque
707 1587 872 1665 tyrannidie
884 1589 974 1649 exsul

155 1748 157 1752 ,
183 1684 296 1758 Sponte
311 1698 383 1763 erat.
405 1686 505 1759 leque,
519 1686 590 1743 licet
601 1684 670 1742 coeli
684 1681 807 1757 regione
822 1692 965 1752 remutet,

181 1774 290 1834 Mente
302 1774 383 1833 Deos
397 1776 478 1833 adiit:
492 1790 532 1844 et,
546 1794 615 1851 quae
626 1789 731 1835 natura
740 1777 870 1849 negabat
953 1835 956 1840 ,

182 1867 310 1931 Visibus
321 1866 470 1936 humanis,
478 1867 577 1927 oculis
588 1887 626 1927 ea
636 1866 765 1943 pectoris
777 1865 892 1925 hausit:

183 1960 323 2035 Cumque
337 1958 448 2025 animo,
460 1971 493 2019 et
507 1959 593 2036 vigili
608 1974 802 2035 perspexerat
813 1957 915 2017 omnia
928 1974 1012 2027 tutu

133 2078 137 2087 .
183 2054 219 2111 ln
237 2051 370 2111 medium
387 2052 528 2110 discenda
542 2056 636 2111 danae
650 2065 824 2128 coetumque
838 2052 993 2122 silentum,

183 2142 334 2218 Dictaque
344 2141 518 2206 mirantum,
529 2144 633 2217 magni
646 2144 809 2217 primordia
821 2142 937 2212 mundi,

184 2237 226 2297 Et
238 2256 341 2295 rerum
353 2254 467 2303 causas,
479 2248 510 2291 et
522 2236 593 2310 quid
608 2246 722 2301 natura,
730 2237 868 2302 decebet3

183 2328 266 2401 Quid
282 2329 379 2386 Deusr
394 2328 473 2386 unde
486 2327 579 2385 nives:
593 2345 661 2407 quae
676 2325 812 2385 fulminis
823 2337 905 2385 eeeet
916 2325 1013 2403 erige:

183 2420 313 2495 Jupiter,
326 2437 362 2477 an
374 2417 464 2486 venti,
477 2420 613 2477 discussa
624 2422 703 2477 nube
717 2430 864 2488 tonarena

185 2513 265 2587 Quid
279 2525 415 2589 quateret
426 2524 532 2571 terras:
547 2531 606 2587 qua
620 2511 720 2571 sidera
733 2515 803 2588 lege
816 2520 964 2578 mearent3
1026 2544 1029 2547 ⁴

184 2603 225 2664 Et
239 2608 437 2680 quodcunque
452 2610 530 2664 latet.
553 2604 731 2680 Primusque
742 2603 881 2663 animalia
893 2601 1008 2661 mentia
1044 2599 1050 2607 '

113 2709 116 2713 ’
185 2698 295 2755 Arcuit
309 2696 434 2770 imponi:
450 2698 564 2770 primus
579 2691 821 2771 qnoque‘tatinus
832 2714 885 2753 ora

186 2789 282 2847 Docte
296 2788 418 2863 quidem
430 2788 526 2849 solvit.
540 2790 593 2847 sed
606 2806 664 2846 non
679 2800 709 2847 et
720 2788 845 2856 eredita,
857 2786 967 2846 verbiee
1043 2819 1047 2824 ‹
1060 2821 1063 2826 ·

225 2878 351 2951 Parcite,
366 2886 515 2951 mortales,
529 2881 653 2957 dapibus
663 2895 814 2941 temerare
826 2881 961 2941 nefandis

186 2976 328 3050 Corpore.
349 2978 425 3034 Sunt
439 2976 555 3052 fruges:
572 2988 641 3035 sunt
651 2974 830 3035 deducentia
842 2989 942 3033 mmee

185 3068 321 3125 Pondere
335 3085 424 3139 poma
436 3084 501 3134 eun,
514 3068 697 3143 tumidaeque
712 3068 744 3125 in
757 3066 866 3125 vitibus
879 3082 959 3125 uvaer

87 3214 96 3228 ,
186 3158 261 3217 Sunt
277 3159 378 3215 herbae
394 3160 508 3215 dulces:
524 3172 602 3224 sunt,
615 3176 682 3232 quae
696 3157 856 3215 mitescere
869 3158 999 3224 flamma,

187 3249 363 3323 Mollirique
379 3263 497 3323 queant.
517 3251 584 3307 Nec
599 3251 681 3308 robis
695 3252 807 3307 lacteus
817 3251 927 3307 humor

188 3340 334 3416 Eripitur‚
345 3358 402 3397 nec
415 3342 505 3399 mella
518 3340 615 3415 thymi
630 3339 792 3399 redolentia
805 3341 923 3399 florem.

187 3433 319 3509 Prodige
330 3431 446 3489 divitias
459 3432 660 3507 alimentaque
672 3433 757 3491 mitia
767 3437 857 3491 tellus

189 3524 345 3601 Suggerie
358 3537 445 3599 atque
458 3526 560 3599 epulas
570 3524 634 3581 sine
649 3528 730 3585 caede
744 3539 776 3582 et
788 3522 932 3599 sanguine
946 3522 1064 3598 prebet.

189 3618 287 3676 Carne
299 3616 376 3677 tere
390 3619 491 3677 sedant
498 3615 626 3696 jejunie3
640 3638 696 3678 nec
708 3631 809 3677 tamen
821 3630 937 3675 omnes.
