2450 4009
204 388 251 457 96
517 348 825 442 moruncurte-
906 426 917 447 ,

203 527 305 583 Noctis
315 506 437 583 'habena'
452 522 520 599 ipso
535 524 659 585 sceleris
672 524 828 587 molimine
841 523 960 584 Tereus

202 617 343 677 Creditur
356 635 424 675 esse
438 616 516 691 pius:
531 620 712 693 laudemque
727 638 745 675 a
757 616 886 677 crimine
899 616 999 677 sumit

203 710 297 783 Quid?
312 710 391 786 quod
402 709 485 771 idem
496 710 666 773 Philomela
677 708 771 785 cupit:
785 709 957 785 patriosque
971 710 1094 769 lacertis

186 874 189 878 ⁸
202 804 317 863 Blanda
329 814 434 862 tenens
448 804 600 875 humeros,
611 816 644 861 ut
657 815 705 861 eat
717 802 820 861 risum
831 819 977 872 sororem,

199 896 325 971 Perque
336 912 432 963 suam,
444 909 608 969 contraque
623 889 719 962 suam,
732 894 809 969 petit
822 913 930 969 usque,
940 898 1079 955 salutem.

204 988 328 1063 Spectat
342 1005 409 1045 eam
424 988 554 1053 Tereum
568 997 860 1061 praecontrectatque
875 986 1014 1047 ridendo:

204 1080 389 1155 Osculaque,
399 1090 429 1137 et
444 1080 520 1140 collo
534 1078 718 1140 circumdata
731 1077 851 1137 brachia
863 1098 1002 1151 cernens,

204 1171 317 1233 Omnia
330 1190 386 1247 pro
398 1170 537 1240 stimulis,
551 1171 735 1254 facibusque,
747 1171 876 1249 ciboque
889 1172 1001 1231 furoris

203 1263 338 1341 Accipit:
353 1276 383 1323 et
397 1264 515 1340 quoties
529 1265 722 1341 amplectitur
734 1265 785 1324 illa
798 1278 965 1340 parentem
989 1261 1002 1276 ⁵

202 1356 280 1415 Esse
294 1376 399 1431 parens
410 1358 511 1414 vellet:
525 1376 625 1433 neque
640 1356 723 1418 enim
735 1358 836 1417 minus
846 1357 1061 1433 impius-esset.
1117 1384 1121 1397 ¹

203 1447 350 1507 Vincitur
362 1450 519 1508 ambarum
532 1449 651 1525 genitor
662 1468 765 1524 prece:
780 1449 900 1526 gaudet,
912 1452 1036 1529 agitque

105 1540 106 1543 ’
205 1542 263 1603 Illa
274 1540 351 1617 patri
366 1553 478 1618 grates:
493 1554 526 1600 et
537 1542 722 1615 successisse
736 1544 852 1620 duabus

205 1636 243 1695 Id
256 1646 339 1710 putat
351 1634 468 1704 infelix,
482 1636 561 1710 quod
576 1635 634 1694 erit
644 1638 772 1711 lugubre
787 1638 913 1695 duabus.

206 1726 275 1785 Jam
289 1729 372 1783 labor
383 1726 517 1803 exiguus
532 1728 645 1785 Phoebo
659 1731 801 1786 restabat:
814 1727 944 1804 equique

205 1820 366 1879 Pulsabant
377 1816 503 1893 pedibus
518 1818 648 1893 spatium
660 1818 787 1876 declivis
801 1818 937 1904 lllympi.

207 1914 341 1989 Regales
352 1912 450 1985 epulae
465 1909 593 1979 mensis,
605 1921 637 1969 et
652 1909 831 1977 Bacchusin
842 1928 915 1970 auro
1102 1987 1104 1992 Ι

208 2005 343 2064 Ponitur:
359 2001 429 2059 hinc
441 2000 558 2080 placido
570 2004 680 2060 dantur
693 2021 887 2079 suacorpora
900 2021 1015 2064 somno.
1081 2053 1084 2057 .

208 2098 252 2155 At
265 2114 320 2153 rex
334 2093 494 2169 Odrysius,
508 2093 648 2167 quamvis
661 2096 799 2162 secessit,
812 2096 844 2152 in
857 2096 908 2155 illa

209 2191 336 2247 AEstuatr
348 2198 381 2245 et
394 2197 533 2259 repetens
548 2184 668 2256 faciem,
682 2200 855 2262 motusque,
868 2205 1047 2265 manusque,

210 2278 319 2352 Qualia
330 2280 395 2337 vult
408 2276 506 2355 lingit,
519 2295 583 2352 qua
595 2280 729 2336 nondum
742 2278 828 2337 vidit!
843 2292 874 2338 et
886 2278 975 2357 ignes

158 2428 165 2440 ,
209 2374 281 2449 Ipse
295 2390 364 2431 suos
377 2370 480 2441 nutrit,
493 2389 565 2430 cura
574 2383 748 2431 removente
761 2390 914 2447 soporemov

210 2467 280 2524 Lux
294 2476 367 2523 erat=
382 2476 422 2533 et,
436 2463 544 2541 generi
556 2465 695 2524 dextram
709 2456 889 2541 com'plexus
899 2466 1006 2537 euntis,

209 2557 355 2629 Pandion,
367 2559 514 2617 comitem
527 2559 672 2635 lacrymis
685 2561 877 2617 commendat
886 2558 1007 2617 obortis:

211 2652 381 2727 Hancego,
395 2670 463 2709 care
478 2668 582 2727 gener,
596 2651 741 2727 quoniam
748 2651 804 2725 pia
816 2670 906 2709 causa
918 2648 1030 2725 coegit,
1131 2681 1137 2687 ·

214 2744 271 2826 [Et
284 2746 405 2801 voluere
418 2744 524 2811 ambae,
536 2733 656 2801 voluisti
669 2756 701 2802 tu
716 2738 988 2820 quoque,Tereu,]
1032 2794 1036 2804 ,
1212 2725 1214 2826 i

212 2837 262 2895 Do
272 2835 333 2903 tibi:
348 2852 463 2911 perque
477 2832 581 2905 fidem,
596 2847 781 2910 cognataque
793 2846 915 2911 pectora
928 2834 1069 2909 supplex,
1083 2849 1085 2853 ’

212 2929 273 2987 Per
282 2930 414 3001 Superos
425 2946 488 2997 oro,
501 2927 598 3002 patrio
608 2928 721 3000 tuearis
733 2946 845 2985 amore:

214 3021 255 3078 Et
268 3019 344 3077 mihi
358 3019 495 3081 sollicitae
507 3020 639 3082 lenimen
652 3004 740 3086 dulce
755 3031 891 3090 senectae-
970 3052 976 3069 ν
1211 3087 1212 3094 ¹

214 3112 452 3189 Quamprimum
465 3112 579 3189 (omnis
594 3112 652 3171 erit
664 3112 747 3170 nobis
758 3130 843 3169 mora
856 3110 960 3187 longa)
971 3109 1115 3169 remittas.
1159 3164 1169 3180 ,

214 3204 267 3262 .Tu
286 3220 405 3279 quoque
421 3203 657 3281 quamprimum,
675 3202 763 3279 (satis
781 3216 827 3260 cst
846 3203 952 3277 procul
972 3220 1041 3261 esse
1060 3220 1143 3261 sore·

294 3295 394 3377 rem)
436 3352 443 3357 ,
783 3321 784 3324 “

216 3386 249 3444 Si
262 3385 358 3462 pietas
369 3390 429 3447 ulla
441 3376 498 3459 est,
511 3391 547 3447 ad
561 3408 611 3449 me
627 3343 804 3459 Philomela,
818 3387 921 3445 redito.

215 3478 386 3549 Mandanae
402 3480 575 3556 pariterque
590 3500 652 3541 suae
666 3481 753 3539 dabat
766 3483 867 3539 oscula
879 3490 969 3539 natae·
1058 3496 1062 3501 “

75 3562 79 3575 ’
150 3634 153 3637 ,
216 3570 257 3629 Et
270 3572 409 3645 lacrymae
424 3573 601 3632 mitesinter
616 3575 754 3655 mandata
763 3576 914 3644 cadebant.

216 3658 318 3735 thue
334 3661 393 3719 fide
408 3662 519 3743 pignus
529 3667 650 3725 dextras
665 3667 824 3742 utriusque
836 3653 981 3741 poposcit;
