2450 4009
173 354 223 423 44
467 390 472 401 ·
493 348 789 411 METAMORPH.

172 493 300 555 Additus
312 501 342 552 et
356 508 446 569 pavor
458 503 510 553 est.
532 494 624 571 Fugit
638 498 817 556 Autonoe'ius
833 497 932 556 heros:

171 586 210 647 Et
223 606 255 644 se
268 598 328 645 tam
340 587 468 645 celerem
482 604 572 645 cursu
582 585 706 647 miratur
719 590 749 646 in
760 588 834 664 ipso.

171 680 215 737 Ut
228 697 296 737 vero
311 676 403 737 solitis
416 698 469 738 sua
481 696 590 739 cornua
603 679 675 739 vidit
688 682 717 739 in
732 684 827 751 undis,

171 770 226 832 Me
239 770 398 831 misemm!
418 771 551 831 dicturus
565 786 638 831 erat:
660 792 717 832 vox
731 776 810 833 nulla
824 785 924 835 secuta
936 785 990 835 est.
1129 826 1138 850 χ

170 866 332 939 Ingemnin
353 883 410 922 vox
422 864 551 932 ittafuie
571 868 773 942 lacrymaeque
783 886 837 941 per
846 886 898 925 ora
1004 854 1006 858 ¹

169 958 239 1018 Non
254 976 307 1015 sua
319 956 476 1016 fluxerunt.
499 958 587 1017 Mens
599 970 713 1017 tantum
723 958 846 1033 pristina
860 960 978 1019 mansit.
1048 1007 1053 1014 .

169 1051 250 1123 Quid
264 1048 360 1108 faciat?
382 1062 530 1124 repetatne
543 1052 679 1119 domum,
691 1050 801 1126 regalia
813 1048 903 1108 tecta?
938 1120 942 1125 ι
1112 1053 1115 1060 ’

168 1144 218 1203 An
230 1146 316 1207 latest
329 1140 431 1217 sylvis?
452 1143 543 1201 timor
556 1146 623 1211 hoc,
637 1124 732 1216 pudor
744 1143 868 1217 impedit
882 1141 964 1201 illud.

168 1234 254 1295 Dum
267 1235 387 1305 dubitat,
407 1233 504 1293 videte
518 1252 614 1293 canesz
635 1236 811 1311 primusque
825 1236 1008 1310 Melampus,

168 1329 399 1405 Ichnobatesque
411 1348 502 1405 sagax
516 1331 621 1389 latratu
636 1328 724 1405 signa
736 1331 854 1397 dedere,

167 1420 315 1479 Gnossius
329 1422 511 1490 Ichnobates,
522 1422 664 1495 Spartana
677 1430 766 1497 gente
779 1422 958 1496 Melampus.

167 1513 240 1572 Inde
253 1526 341 1572 munt
353 1511 400 1571 alii
418 1510 519 1590 rapida
530 1512 659 1577 velocius
666 1532 747 1579 aura,

133 1650 138 1659 ,
166 1605 370 1677 Pamphagus,
382 1612 412 1657 et
425 1604 571 1668 Dorceus,
581 1613 612 1657 et
623 1602 780 1670 Oribasus3
802 1603 933 1660 Arcades
945 1610 1082 1683 omues&
1165 1653 1170 1657 .

144 1706 151 1717 '
166 1695 441 1765 Nebrophonusque
456 1693 564 1756 valens,
576 1702 605 1749 et
615 1703 684 1748 trux
699 1709 770 1750 cum
785 1694 905 1769 Laelape
919 1695 1051 1763 Theron,
1085 1723 1089 1732 ·

166 1786 208 1846 Et
221 1782 344 1860 pedibus
358 1782 497 1849 Pterelas,
510 1793 539 1838 et
550 1782 668 1838 naribus
677 1784 756 1841 utilis
768 1785 864 1859 Agre,
937 1816 941 1819 ·

95 1944 97 1949 ,
166 1878 354 1952 Hylaeusque
369 1873 431 1931 fero
442 1890 543 1953 nuper
556 1891 716 1950 percussus
730 1878 766 1934 ab
780 1889 860 1950 apro,

166 1970 277 2046 Deque
288 1971 358 2043 lupo
371 1944 511 2043 c'oncepta
522 1966 617 2041 Nape,
631 1969 818 2045 pecudesque
831 1979 931 2029 secuta
991 2015 993 2018 .

165 2061 327 2130 Poeme'nis,
337 2072 366 2118 et
379 2060 454 2118 natis
466 2058 604 2117 comitata
616 2060 749 2137 Harpyia
758 2063 882 2132 duobus,

165 2156 206 2216 Et
219 2153 373 2214 substricta
386 2165 493 2227 gerens
507 2150 662 2225 Sicyonius
675 2154 724 2210 ilia
736 2153 847 2211 Ladona
965 2224 969 2226 Α

166 2248 208 2309 Et
220 2246 360 2313 Dromas,
373 2256 403 2301 et
413 2244 540 2312 Canace,
554 2244 718 2317 Sticteque,
732 2258 762 2303 et
773 2242 885 2322 Tigris,
898 2254 929 2303 et
942 2245 1027 2317 Alce,

167 2341 209 2401 Et
219 2338 311 2413 niveis
321 2339 450 2405 Leucon,
462 2347 493 2395 et
504 2335 581 2396 villis
595 2339 724 2396 Asbolus
737 2340 817 2407 atris,

165 2430 527 2509 PraevalidusqueLacon,
537 2441 566 2489 et
577 2448 666 2489 cursu
679 2430 762 2494 fortis
776 2432 875 2498 Aello,

44 2597 46 2601 ι
150 2527 207 2602 ιΕῑ
220 2526 334 2591 Thoiis,
352 2535 381 2582 et
394 2524 505 2597 Cyprio
519 2524 602 2581 velox
617 2542 687 2581 cum
702 2524 790 2582 fratre
805 2522 942 2599 Lycisce:
1059 2547 1061 2552 ·

165 2620 207 2679 Et
216 2619 334 2693 nigram
348 2616 447 2675 medio
459 2616 588 2685 frontem
608 2616 762 2673 distinctus
773 2618 809 2673 ab
821 2618 886 2673 albo

164 2712 313 2787 Harpalos
325 2721 354 2767 et
365 2709 528 2775 Melaneus,
542 2708 712 2781 hirsutaque
724 2724 846 2783 corpore
860 2707 992 2772 Lachnet

164 2804 204 2863 Et
218 2813 300 2878 patre
312 2799 440 2867 Dictaeo,
449 2800 500 2858 sed
509 2812 603 2884 matpe
619 2799 765 2857 Laconide
779 2796 847 2877 nati,

164 2896 286 2964 Labros,
296 2905 326 2967 et
337 2892 495 2969 Agriodos‚
508 2903 538 2949 et
550 2904 646 2949 acutae
660 2891 740 2951 vocis
753 2892 904 2967 Hylactora

163 2987 306 3061 Quosque
320 2984 429 3042 referre
443 2997 592 3043 moreest.
615 2985 662 3042 Ea
675 2987 759 3043 turba
767 2984 906 3061 cupidine
920 2985 1026 3060 praede

73 3068 80 3091 '
163 3080 224 3139 Per
234 3094 331 3151 rupes,
344 3078 540 3149 scopulosque
554 3077 693 3150 adituque
706 3079 834 3134 carentia
847 3095 926 3144 saxa,

163 3170 286 3244 Quavis
298 3166 431 3231 difficilis,
444 3183 561 3242 quaque
576 3179 622 3223 est
636 3166 681 3224 vis
694 3169 784 3235 nulla,
797 3165 942 3225 seruntur.
958 3224 962 3230 ,

163 3264 218 3323 Ille
232 3260 316 3336 fugit,
328 3273 381 3333 per
393 3275 460 3333 quae
471 3258 564 3314 luerat
577 3258 641 3315 loca
654 3274 734 3332 saepe
748 3271 877 3318 secutus.
952 3265 961 3285 ‘

133 3344 136 3351 ’
163 3358 235 3415 Heu
249 3354 375 3411 famulos
384 3349 461 3427 fugit
473 3352 538 3424 ipse
551 3347 631 3408 suos!
652 3353 780 3409 clamare
789 3350 906 3420 libebat,

162 3449 288 3507 Actaeon
300 3426 359 3520 ego
373 3462 454 3501 sumt
474 3441 630 3501 dominum
641 3440 812 3517 cognoscite
823 3454 967 3503 vestrum.

163 3539 265 3597 Verba
277 3534 375 3593 animo
383 3537 498 3593 desunt:
519 3546 635 3593 resonat
648 3535 797 3595 latratibus
810 3536 914 3592 aether.

162 3626 265 3691 Prima
278 3626 493 3689 Melanchaetea
504 3628 535 3687 in
549 3638 635 3707 tergo
644 3632 765 3691 vulnera
775 3625 854 3687 lecitt
