2450 4009
436 570 768 651 DECERPTA

573 820 619 861 lx

488 1028 711 1109 OVIDII

233 1264 969 1385 METAMORPHOSEON

501 1550 684 1625 LIBRIS.

515 1838 646 1899 LIBER
660 1839 685 1896 1.

137 1934 192 2025 IN
205 1980 282 2022 nove
294 1960 353 2025 fert
363 1962 481 2023 enimus
495 1975 625 2025 mutatas
636 1964 744 2024 dicere
757 1963 870 2025 formes

136 2056 276 2130 Corpora.
288 2055 341 2126 Di,
353 2054 457 2131 ceptis
471 2055 557 2134 (nam
571 2074 625 2118 vos
636 2056 779 2116 mutastis
791 2069 822 2116 et
834 2056 917 2136 illas)

137 2148 298 2223 Adspirate
313 2148 403 2218 rneis;
419 2150 575 2226 primaque
588 2150 625 2208 ab
634 2148 751 2227 origine
764 2148 871 2210 mundi

138 2240 186 2299 Ad
199 2260 268 2300 mea
280 2242 465 2317 perpetuum
479 2241 619 2302 deducite
632 2252 770 2319 tempora
783 2259 915 2301 carmen.

333 2492 436 2571 Cdaos,
450 2504 478 2547 ee
492 2490 603 2547 Mundi
619 2488 745 2547 creatio.
757 2506 831 2549 sen·
845 2508 869 2549 1.

176 2612 272 2671 ΑΜΕ
286 2608 370 2672 snare
383 2625 415 2672 et
427 2616 528 2683 tellus,
542 2626 583 2683 et,
596 2614 678 2689 quod
691 2610 770 2689 tegit
782 2609 895 2684 omnis,
907 2613 1028 2682 omium,

140 2706 224 2765 Unus
237 2716 302 2764 erat
315 2702 377 2765 tot'o
388 2718 501 2767 natnrae
515 2709 615 2765 vultus
627 2706 658 2764 in
670 2710 752 2776 orbe,

140 2798 237 2871 Quem
251 2796 355 2857 dixere
370 2800 482 2867 Chaos;
496 2798 577 2859 rudis
590 2799 804 2875 indigestaque
817 2800 927 2856 moiess

138 2890 202 2949 Nec
216 2889 380 2967 quicquam
391 2890 450 2949 nisi
462 2894 577 2965 pondus
590 2892 682 2958 iners;
695 2900 899 2965 congestaque
912 2891 1017 2949 eodem

139 2982 207 3042 Non
220 2985 297 3040 bene
310 2982 482 3060 junctarum
497 2980 647 3041 discordia
658 2979 776 3040 semina
788 2998 900 3040 rerum.

139 3076 248 3134 Nullus
258 3076 355 3135 adhuc
370 3076 483 3133 mundo
497 3076 650 3151 praebebat
662 3072 777 3133 lumina
788 3074 888 3144 Titum

13 3162 15 3183 ²
138 3168 203 3227 Nec
216 3186 292 3227 nova
305 3170 468 3227 crescendo
482 3164 637 3243 reparabat
650 3184 762 3225 cornua
775 3168 898 3237 Phoebe

133 3262 205 3320 Nec
220 3259 406 3320 circumfuso
419 3262 568 3336 pendebat
578 3260 609 3319 in
624 3266 692 3319 aere
706 3262 797 3319 tellus
811 3280 815 3284 *

138 3352 323 3413 Ponderibus
337 3353 441 3413 librata
454 3352 526 3422 suis;
540 3372 596 3415 nec
606 3353 728 3411 braohia
738 3355 831 3427 longo

139 3444 279 3523 Margine
292 3457 442 3505 terrarum
457 3456 634 3521 porrexerat
646 3442 841 3519 Amphitrite.

139 3536 265 3613 Quaque
281 3534 338 3595 fuit
349 3538 449 3603 tellus,
462 3536 568 3603 illicet
583 3548 702 3610 pontus,
712 3546 743 3593 et
754 3540 816 3593 aer:

137 3628 187 3687 Sic
200 3638 268 3687 erat
279 3626 424 3691 notabilis
436 3628 538 3697 tellus,
551 3625 689 3713 innapilis
700 3626 790 3697 unda,
